This file was created with JabRef 1.8b.
Encoding: GBK

@MISC{MASnetSensorMag05,
  author = {Barbara Goode et. al.},
  title = {Smart Dust Applied},
  howpublished = {Sensor Magazine},
  month = {May},
  year = {2005},
  owner = {zhensong},
}

@INPROCEEDINGS{chen-iros05d,
  author = {P. Chen and Z. Song and Z. Wang and Y.~Q. Chen},
  title = {Pattern Formation in Mobile Actuator and Sensor Network ({MAS}-net)},
  booktitle = {Proceedings of the IEEE/RSJ Int. Conf. on Intelligent Robots and
	Systems (IROS05)},
  year = {2005},
  pages = {(submitted)},
  address = {Edmonton, Alberta, Canada},
  month = {Aug.},
}

@ARTICLE{chenijc02,
  author = {YangQuan Chen and Kevin L. Moore},
  title = {A practical iterative learning path following control of an omni-directional
	vehicle},
  journal = {Asian Journal of Control},
  year = {2002},
  volume = {4},
  pages = {90--98},
  number = {1},
}

@INPROCEEDINGS{MASnetSPIE04ZoneControl,
  author = {YangQuan Chen and Kevin L. Moore and Zhen Song},
  title = {Diffusion Boundary Determination and Zone Control via Mobile Actuator-Sensor
	Networks ({MAS-net}): Challenges and Opportunities},
  booktitle = {Intelligent Computing:
Theory and Applications II, part of SPIE's
	Defense and Security},
  year = {2004},
  address = {Orlando, FL, USA},
  month = apr,
  file = { F},
}

@INPROCEEDINGS{MASnetSPIE04ZoneControl,
  author = {YangQuan Chen and Kevin L. Moore and Zhen Song},
  title = {Diffusion Boundary Determination and Zone Control via Mobile Actuator-Sensor
	Networks ({MAS-net}): Challenges and Opportunities},
  booktitle = {Intelligent Computing:
Theory and Applications II, part of SPIE's
	Defense and Security},
  year = {2004},
  address = {Orlando, FL, USA},
  month = apr,
  file = { F},
}

@ARTICLE{ChongSN,
  author = {Chee-Yee Chong and Srikanta P. Kumar},
  title = {Sensor Networks: Evolution, Opportunities,and Challenges},
  journal = {IEEE Procedings},
  year = {2003},
  volume = {91},
  pages = {1257-1259},
  number = {8},
  month = aug,
  file = {ChongSN03.pdf},
}

@INPROCEEDINGS{chen-iros05b,
  author = {J. Liang and Y.~Q. Chen},
  title = {{{\tt Diff-MAS2D} and {\tt Wave-MAS2D}}:
a Simulation Platform for
	Measurement Scheduling and Controls in
Distributed Parameter Systems
	with Moving Sensors and Moving Actuators},
  booktitle = {Proceedings of the IEEE/RSJ Int. Conf. on Intelligent Robots and
	Systems (IROS05)},
  year = {2005},
  pages = {(submitted)},
  address = {Edmonton, Alberta, Canada},
  month = {Aug.},
}

@TECHREPORT{JsliangDiffMas1D,
  author = {Jinsong Liang and Yangquan Chen},
  title = {{Diff-MAS1D} (version 0.9.1) User's Manual: A simulation
platform
	for controlling distributed parameter systems (diffusion)
with networked
	movable actuators and sensors ({MAS}) in {1D} domain},
  institution = {CSOIS, Utah State University},
  year = {2004},
  number = {USU-CSOIS-TR-04-04},
  address = {Logan, Utah, USA},
}

@TECHREPORT{JsliangDiffMas2D,
  author = {Jinsong Liang and Yangquan Chen},
  title = {{Diff-MAS2D} (version 0.9) User's Manual: A simulation
platform for
	controlling distributed parameter systems (diffusion)
with networked
	movable actuators and sensors ({MAS}) in {2D} domain},
  institution = {CSOIS, Utah State University},
  year = {2004},
  number = {USU-CSOIS-TR-04-03},
  address = {Logan, UT, USA},
}

@TECHREPORT{JsliangWaveMas1D,
  author = {Jinsong Liang and YangQuan Chen},
  title = {{Wave-MAS1D} (version 0.8) - User's Manual - A simulation
platform
	for controlling distributed parameter systems (wave equation)
with
	networked movable actuators and sensors ({MAS}) in {1D} domain},
  institution = {CSOIS, Utah State University},
  year = {2004},
  number = {USU-CSOIS-TR-04-06},
  address = {Logan, Utah, USA},
}

@TECHREPORT{JsliangWaveMas2D,
  author = {Jinsong Liang and YangQuan Chen},
  title = {{Wave-MAS2D} (version 0.8) - User's Manual - A simulation
platform
	for controlling distributed parameter systems (wave equation)
with
	networked movable actuators and sensors ({MAS}) in {2D} domain},
  institution = {CSOIS, Utah State University},
  year = {2004},
  number = {USU-CSOIS-TR-04-06},
  address = {Logan, Utah, USA},
}

@MISC{Moorewhitepaper03,
  author = {Kevin L. Moore},
  title = {Coordination and Control of Distributed Networks of Actuated Sensors
	-- A White Paper},
  howpublished = {Technical Report, Center for
Self-Organizing and Intelligent Systems
	(CSOIS), Utah State University, \ {\tt
http://www.engineering.usu.edu/ece/faculty/moorek/mooreweb.html}},
  month = {March},
  year = {2003},
}

@INPROCEEDINGS{masnetspie04pathplan,
  author = {Kevin L. Moore and YangQuan Chen and Zhen Song},
  title = {Diffusion based path planning in mobile
actuator-sensor networks
	({MAS}-net) - some preliminary results},
  booktitle = {Proc. of SPIE Conf. on Intelligent Computing:
Theory and Applications
	II, part of SPIE's Defense and Security},
  year = {2004},
  address = {Orlando, FL, USA},
  month = {April},
  organization = {SPIE},
}

@INPROCEEDINGS{masnetspie04pathplan,
  author = {Kevin L. Moore and YangQuan Chen and Zhen Song},
  title = {Diffusion based path planning in mobile
actuator-sensor networks
	({MAS}-net) - some preliminary results},
  booktitle = {Proc. of SPIE Conf. on Intelligent Computing:
Theory and Applications
	II, part of SPIE's Defense and Security},
  year = {2004},
  address = {Orlando, FL, USA},
  month = {April},
  organization = {SPIE},
}

@INPROCEEDINGS{MooreChen04,
  author = {Kevin~L. Moore and Yang~Quan Chen},
  title = {Model-based approach to characterization of
diffusion processes via
	distributed control of actuated sensor networks },
  booktitle = {The 1st IFAC Symposium on Telematics Applications in Automation and
	Robotics},
  year = {2004},
  address = {Helsinki University of Technology Espoo, Finland},
  month = {June},
  organization = {IFAC},
}

@INPROCEEDINGS{ZhenIROS05,
  author = {Z. Song and Y.~Q. Chen and J. Liang and D. Ucinski},
  title = {Optimal Mobile Sensor Motion Planning Under Nonholomonic
Constraints
	for Parameter Estimation of Distributed Parameter Systems},
  booktitle = {Proceedings of the IEEE/RSJ Int. Conf. on Intelligent Robots and
	Systems (IROS05)},
  year = {2005},
  pages = {(submitted)},
  address = {Edmonton, Alberta, Canada},
  month = {Aug.},
}

@MISC{MASnetHJNews,
  author = {Lynze Waidle},
  title = {USU Robotics Team Wins Prize},
  howpublished = {Herald Journal},
  month = {Mar 9},
  year = {2005},
  owner = {zhensong},
}

@INPROCEEDINGS{Wang03,
  author = {H. Wang and J. Elson and L. Girod and D. Estrin and K. Yao},
  title = {Target classification and localization in habitat monitoring},
  booktitle = {Proceedings of the 2003 IEEE International
Conference on Acoustics,
	Speech, and Signal Processing. (ICASSP '03)},
  year = {2003},
  pages = {IV\_844-IV\_847},
}

@INPROCEEDINGS{chen-iros05c,
  author = {Z. Wang and Y.~Q. Chen},
  title = {Formation Control: A Review and A New Consideration},
  booktitle = {Proceedings of the IEEE/RSJ Int. Conf. on Intelligent Robots and
	Systems (IROS05)},
  year = {2005},
  pages = {(submitted)},
  address = {Edmonton, Alberta, Canada},
  month = {Aug.},
}

@INPROCEEDINGS{MASnetSpie05,
  author = {Z. Wang and Z. Song and P. Chen and Y.~Q. Chen and K.~L. Moore},
  title = {Formation motion control methods in mobile actuator/sensor networks},
  booktitle = {Proceedings of SPIE Defense and Security Symposium 2005},
  year = {2005},
  pages = {(to appear)},
  address = {Orlando, FL, USA},
  month = {March},
}

@INPROCEEDINGS{MASnetSpie05,
  author = {Z. Wang and Z. Song and P. Chen and Y.~Q. Chen and K.~L. Moore},
  title = {Formation motion control methods in mobile actuator/sensor networks},
  booktitle = {Proceedings of SPIE Defense and Security Symposium 2005},
  year = {2005},
  pages = {(to appear)},
  address = {Orlando, FL, USA},
  month = {March},
}

@TECHREPORT{ZhongminTRMASmote04,
  author = {Zhongmin Wang and YangQuan Chen},
  title = {On Board Programming and Low Level Control of {MAS-net} Robots ({MASmotes})},
  institution = {CSOIS, Utah State University},
  year = {2004},
  number = {USU-CSOIS-TR-04-09},
  address = {Logan, Utah, USA},
}

@INPROCEEDINGS{zm-cdc05,
  author = {Zhongmin Wang and Jinsong Liang and YangQuan Chen},
  title = {Optimal Dynamic Actuator
Location in Distributed Feedback Control
	of A Diffusion Process},
  booktitle = {The 2005 Joint Conference on Decision and Control, and European Control
	Conference},
  year = {2005},
  address = {Seveil, Spain},
  month = {Dec.},
}

@INPROCEEDINGS{zm-icma05a,
  author = {Zhongmin Wang and Jinsong Liang and YangQuan Chen},
  title = {Actuation scheduling in mobile actuator networks for spatial-temporal
feedback
	control of a diffusion process with dynamic obstacle avoidance},
  booktitle = {The 2005 IEEE International Conference on Mechatronics and Automation},
  year = {2005},
  address = {Niagara Falls, Ontario, Canada },
  month = {July},
}

@INPROCEEDINGS{zm-icma05b,
  author = {Zhongmin Wang and Jinsong Liang and YangQuan Chen},
  title = {Automatic dynamic flocking in
mobile actuator sensor networks by
	central {Voronoi} tessellations},
  booktitle = {The 2005 IEEE International Conference on Mechatronics and Automation},
  year = {2005},
  address = {Niagara Falls, Ontario, Canada },
  month = {July},
}

