@book{ButkovskiyMobileControl,
label = {ButkovskiyMobileControl},
    author = {A.G.Butkovskiy and A.M. Pustylnikov},
    title = {{M}obile control of 
	    distributed parameter systems},
    publisher = {John Wiley \& Sons},
    year = {1987},
    address = {New York}
    edition = {},
        url={abd},
    otherinfo = {}
}


