@MISC{AhmadChaos,
  author =       "Wajdi Ahmad and J. C. Sprott",
  title =        "Chaos in Fractional-Order Autonomous Nonlinear Systems",
  howpublished = "",
  year =         "",
  month =        "",
  note =         "",
  abstract =     "",
  keywords =     "",
  source =       "",
  file = "ChaosFractalOrder.pdf",
  mynote="masnet: chaos fog. It may link with fractual order system"
}

@MISC{DoyleBifurcation,
  author =       "John Doyle",
  title =        "Robust Nonlinear Control Theory with Applications to
Aerospace Vehicles",
  howpublished = "",
  year =         "",
  month =        "",
  note =         "",
  abstract =     "",
  keywords =     "",
  source =       "",
  url="\url{http://www.cds.caltech.edu/~murray/projects/afosr95-vehicles/reports/annual96.pdf}",
  file = "DoyleRobustBifurcation.pdf",
  mynote="at least at high speed the chaos characterstics of air need to be considered. CalTech guys (including John Doyle) are working on applying robust control ideas into the chaos (bifurcation) system. http://www.cds.caltech.edu/~murray/projects/afosr95-vehicles/"

}
