This file was created with JabRef 1.7.1.
Encoding: ISO8859_1

@STRING{acc = {Proc. of American Control Conf. }}

@STRING{ascc = {Proc. of the Asian Control Conf. }}

@STRING{asme_dsmc = {Trans. of ASME: J. of Dynamic Systems, Measurement, and Control}}

@STRING{automatica = {Automatica}}

@STRING{cca = {Proc. of the IEEE Conf. on Control Applications}}

@STRING{cdc = {Proc. of the IEEE Conf. on Decision and Control}}

@STRING{cep = {Control Engineering Practice}}

@STRING{CVGIP = {J. on Computer Vision, Graphics, and Image Processing}}

@STRING{CVPR = {Proc. of the IEEE Conf. on Computer Vision and Pattern Recognition}}

@STRING{ecc = {Proc. of the European Control Conf.}}

@STRING{ICML = {Proc. of the Int. Conf. on Machine Learning}}

@STRING{ICRA = {Proc. of the IEEE Int. Conf. on Robotics and Automation}}

@STRING{ics = {IEEE Control Systems Magazine}}

@STRING{ieed = {IEE Proc. Pt.-D}}

@STRING{ieeejra = {IEEE J. of Robotics Automation}}

@STRING{ieeetac = {IEEE Trans. of Automat. Contr. }}

@STRING{ieeetcst = {IEEE Trans. of Control Systems Technology}}

@STRING{ieeetie = {IEEE Trans. of Industrial Electronics}}

@STRING{ieeetra = {IEEE Trans. of Robotics and Automation}}

@STRING{ieeetsmc = {IEEE Trans. of Systems, Man, and Cybernetics}}

@STRING{ijacsp = {Int. J. of Adaptive Control and Signal Processing}}

@STRING{ijc = {Int. J. of Control}}

@STRING{IJCAI = {Proc. of the Int. Joint Conf. on Artificial Intelligence}}

@STRING{ijrnc = {Int. J. of Robust and Nonlinear Control}}

@STRING{ijrr = {Int. J. of Robotics Research}}

@STRING{ijss = {Int. J. of Systems Science}}

@STRING{imajmci = {IMA J. of Math. Control and Infomation}}

@STRING{iros = {IEEE/RSJ Int. Conf. on Intelligent Robots and Systems}}

@STRING{isic = {Proc. of the IEEE International Symposium on Intelligent Control}}

@STRING{jrs = {J. of Robotic Systems }}

@STRING{scl = {Systems and Control Letters}}

@STRING{siamjco = {SIAM J. of Control and Optimization}}

@STRING{smc = {Proc. of the IEEE Conf. on System, Man, and Cybernetics}}

@STRING{spie = {The Society of Photo-Optical Instrumentation Engineers}}

@ARTICLE{ElJaiDistributed91,
  author = {A.~El.~Ja{\"i}},
  title = {Distributed systems analysis via sensors and actuators},
  journal = {Sensors and Actuators},
  year = {1991},
  volume = {A},
  pages = {1-11},
  number = {29},
  mynote = {Ucinski 72:},
}

@BOOK{ButkovskiyMobileControl,
  title = {Mobile control of distributed parameter systems},
  publisher = {John Wiley \& Sons},
  year = {1987},
  author = {A.~G.~Butkovskiy and A.~M.~Pustylnikov},
  address = {New York},
}

@BOOK{laplace_table,
  title = {Laplace Tranform Tables and Theorems},
  publisher = {Holt Rinehart and Winston},
  year = {1965},
  author = {P. A.~McCollum and B. F.~Brown},
  address = {New York},
}

@INPROCEEDINGS{abdelrahman96,
  author = {M. Abdelrahman and K. L. Moore and D. S. Naidu},
  title = {Generalized Smith Predictor for Robust Control of Nuclear Reactors with Time Delays},
  booktitle = {Proceeding of the American Nuclear Society International Topical Meeting on Nuclear Plar~t
	 Instrumentation, Control and Human machine Interface Technologies},
  year = {1996},
  address = {Pittsburgh, Pennsylvania, USA},
}

@INPROCEEDINGS{Abdelzaher03,
  author = {Abdelzaher, T. and Stankovic, J. and Son, S. and Blum, B. and He, T. and Wood, A. and Lu, C.},
  title = {A communication architecture and
	 programming abstractions for real-time embedded sensor networks},
  booktitle = {Proceedings of The 23rd
	 International Conference on Distributed Computing Systems Workshops},
  year = {2003},
  pages = {220-225},
}

@MISC{zhou19,
  author = {Peter Adrian},
  title = {SENSOR INDUSTRY DEVELOPMENTS AND TRENDS},
  howpublished = {{\tt http://www.sensorsmag.com/resources/businessdigest/sbd0502.shtml}},
  month = {May},
  year = {2002},
}

@ARTICLE{Jai_ijss02,
  author = {L. Afifi and A. Chafiai and A. El Ja{\"i} },
  title = {Regionally efficient and strategic actuators},
  journal = {International Journal of Systems Sciences},
  year = {2002},
  volume = {33},
  pages = {301-313},
}

@ARTICLE{Jai_ijamcs01,
  author = {Afifi, L. and A. El Ja{\"i} and Merry, M. },
  title = {Region detection and reconstruction of unknown internal or boundary sources },
  journal = {Int. J. of Applied Mathematics and Computer Science},
  year = {2001},
  volume = {11},
  pages = {319-348},
}

@UNPUBLISHED{ahn04,
  author = {Hyo-Sung Ahn},
  title = {Study of the periodic time-varying nonlinear iterative learning control},
  note = {Project Report, ECE6330 Nonlinear and Adaptive Control, Utah State University},
  month = {April},
  year = {2004},
}

@INPROCEEDINGS{ahn04,
  author = {Hyo-Sung Ahn and YangQuan Chen},
  title = {Periadically time varying adaptive friction compensation},
  booktitle = {IEEE International Conference. on Robotics and Biomimetics},
  year = {2004},
  address = {Marriott, Shenyang, China},
  month = {Aug 22-25},
}

@ARTICLE{ahn05,
  author = {Hyo-Sung Ahn and YangQuan Chen and Huifang Dou},
  title = {State-Periodic Adaptive Compensation
	 of Cogging and Coulomb Friction in Permanent-Magnet Linear Motors},
  journal = {IEEE Trans. on Magnetics},
  year = {2005},
  volume = {41},
  pages = {90-98},
  number = {1},
}

@ARTICLE{ieee_comm_survey02,
  author = {Akyildiz, I.~F. and Weilian Su and Sankarasubramaniam, Y. and Cayirci, E.},
  title = {A survey on sensor networks},
  journal = {IEEE Communications Magazine},
  year = {2002},
  volume = {40},
  pages = {102-114},
  number = {8},
  month = {August},
}

@ARTICLE{Jai_ijss02a,
  author = {R. Al-Saphory and A. El Ja{\"i} },
  title = {Asymptotic regional state reconstruction},
  journal = {International Journal of Systems Sciences},
  year = {2002},
  volume = {33},
  pages = {1025--1037},
  number = {13},
}

@ARTICLE{Jai_ijsa01b,
  author = {R. Al-Saphory and A. El Ja{\"i} },
  title = {Sensors characterizations for
	 regional boundary detectability of distributed parameter systems},
  journal = {International Journal of Sensors and Actuators},
  year = {2001},
  volume = {A94},
  pages = {1--10},
}

@MISC{zigbee,
  author = {ZigBee Alliance},
  title = {ZigBee Alliance},
  howpublished = {[http://www.zigbee.org/]},
}

@ARTICLE{Jai_ijss94,
  author = {Amourous, M. and A. El Ja{\"i} and Zerrik, E.},
  title = {Regional observability of distributed systems},
  journal = {International Journal of Systems Sciences},
  year = {1994},
  volume = {25},
  pages = {301-313},
}

@INPROCEEDINGS{Arai93smc,
  author = {Arai, T. and Yoshida, E. and Ota, J.},
  title = {Information diffusion by local communication of multiple mobile robots},
  booktitle = {Proceedings of the International Conference on Systems, Man
	 and Cybernetics: 'Systems Engineering in the Service of Humans'},
  year = {1993},
  pages = {535-540},
  month = {Oct.},
  organization = {IEEE},
}

@ARTICLE{Arena99cas1,
  author = {Arena, P. and Fortuna, L. and Branciforte, M.},
  title = {Reaction-diffusion {CNN} algorithms to generate and control artificial locomotion},
  journal = {IEEE Transactions on Circuits and Systems I: Fundamental Theory and Applications},
  year = {1999},
  volume = {46},
  pages = {253-260},
  number = {2},
  month = {Feb.},
}

@ARTICLE{arif_automatica01,
  author = {Arif, M. and Ishihara, T. and Inooka, H.},
  title = {Incorporation of experience
	 in iterative learning controllers using locally weighted learning},
  journal = {Automatica},
  year = {2001},
  volume = {37},
  pages = {881-888},
  number = {6},
}

@ARTICLE{npid01,
  author = {Brian Armstrong and David Neevel and Todd Kusik},
  title = {New Results in NPID Control: Tracking,
	 Integral Control, Friction Compensation and Experimental Results},
  journal = {IEEE Transactions on Control Systems Technology},
  year = {2001},
  volume = {9},
  pages = {399--406},
  number = {2},
  month = March,
}

@MASTERSTHESIS{AnishaMS,
  author = {Anisha Arora},
  title = {Sensing a diffusion process using distributed robots},
  school = {Utah State University},
  year = {2005},
  address = {Logan Utah, USA},
}

@INPROCEEDINGS{asl00,
  author = {Farshid Maghami Asl and A. Galip Ulsoy},
  title = {Analytical Solution of a System of
	 Homogeneous Delay Differential Equations via the {L}ambert Function},
  booktitle = {Proceeding of the American Control Conference },
  year = {2000},
  pages = {2496-2500},
  address = {Chicago, Illinois, USA},
  month = {6},
}

@MISC{atmega128,
  author = {Atmel},
  title = {{Atmega128}},
  howpublished = {\url{http://www.atmel.com/dyn/products/product_card.asp?part_id=2018}},
  url = {http://http://www.atmel.com/dyn/products/product_card.asp?part_id=2018},
}

@MANUAL{atmel128,
  title = {{Atmel128(L)}},
  author = {ATMLE},
  organization = {Atmel Corporation},
  edition = {Rev. 2467GÅAVRÅ09/02},
}

@ARTICLE{Jeanne2004,
  author = {Jeanne A. Atwell and Belinda B. King},
  title = {Reduced Order Controllers for
	 Spatially Distributed Systems via Proper Orthogonal Decomposition},
  journal = {SIAM Journal on Scientific Computing},
  year = {2004},
  volume = {26},
  pages = {128--151},
  number = {1},
}

@BOOK{tfa_toolbox,
  title = {Time-frequency toolbox for {M}atlab: Tutorial},
  publisher = {\texttt{http://crttsn.univ-nantes.fr/\char126 auger/tftb.html}},
  year = {1996},
  author = {Fran\c cois Auger and Patrick Flandrin and Olivier Lemoine and Paulo Gon\c calv\' es},
}

@MISC{zhou29,
  author = {Regina Raiford Babcock},
  title = {Bioterrorism and the Built Environment - A Look Back At the Anthrax Scare},
  howpublished = {{\tt http://www.buildings.com/Articles/detail.asp?ArticleID=1619}},
  month = {Nov.},
  year = {2003},
}

@INPROCEEDINGS{aps1,
  author = {P. Bahl and V. N. Padmanabhan},
  title = {Radar: An in-building rf-based user location and tracking system},
  booktitle = {Proceedings of the IEEE Infocom 2000, Tel-Aviv, Israel},
  year = {2000},
  volume = {2},
  pages = {775-784},
  month = {Mar},
}

@INPROCEEDINGS{aps1,
  author = {P. Bahl and V. N. Padmanabhan},
  title = {Radar: An in-building rf-based user location and tracking system},
  booktitle = {In Proceedings of the IEEE Infocom 2000, Tel-Aviv, Israel},
  year = {2000},
  volume = {2},
  pages = {775-784},
  month = {Mar},
}

@ARTICLE{Balch1998,
  author = {Balch, T. and Arkin, R.~C.},
  title = {Behavior-based formation control for multirobot teams},
  journal = {IEEE Transactions on Robotics and Automation},
  year = {1998 },
  volume = {14 },
  pages = {926 - 939},
  number = {6 },
  month = {Dec.},
}

@BOOK{BanksEstimation,
  title = {Estimation Techniques for Distributed Parameter Systems},
  publisher = {Birkh{\"a}user},
  year = {1989},
  author = {H.T. Banks and K. Kunisch},
  isbn = {0817634339},
}

@BOOK{BanksGrowth,
  title = {Growth and Diffusion Phenomena: Mathematical Frameworks and Applications},
  publisher = {Springer-Verlag},
  year = {1994},
  author = {Robert B. Banks},
  address = {Ann Arbor, Michigan},
  isbn = {0387555072},
}

@ARTICLE{zhou8,
  author = {N. Barsan and M. Schweizer-Berberich and W. G{\"o}pel},
  title = {Fundamental and practical aspects in
	 the design of nanoscaled {S}n{O}$_2$ gas sensor: a status report},
  journal = {Fresenius J. Anal. Chem.},
  year = {1999},
  volume = {365},
  pages = {287-304},
}

@ARTICLE{Basu95FET,
  author = {A. Basu and S. Licardie},
  title = {Alternative models for fish-eye lenses},
  journal = {Pattern Recognition Letters},
  year = {1995},
  volume = {16},
  pages = {433-441},
  number = {4},
  month = {Apr.},
}

@ARTICLE{Beard2001,
  author = {Beard, R.~W. and Lawton, J. and Hadaegh, F.~Y.},
  title = {A coordination architecture for spacecraft formation control},
  journal = {IEEE Transactions on Control Systems Technology},
  year = {2001 },
  volume = {9 },
  pages = {777 - 790},
  number = {6 },
  month = {Nov.},
}

@INPROCEEDINGS{Beard2000,
  author = {Beard, R.~W. and Lawton, J. and Hadaegh, F.~Y.},
  title = {A feedback architecture for formation control},
  booktitle = {Proceedings of the American Control Conference},
  year = {2000 },
  volume = {6 },
  pages = {4087-4091},
  month = {June},
}

@BOOK{bellman63,
  title = {Differential-difference equations},
  publisher = {Academic Press},
  year = {1963},
  author = {R. E. Bellman and K. L. Cooke},
  address = {New York},
}

@ARTICLE{Bender1991,
  author = {Bender, J.G.},
  title = {{A}n overview of systems studies of automated highway systems},
  journal = {IEEE Transactions on Vehicular Technology},
  year = {1991 },
  volume = {40 },
  pages = {82 - 99},
  number = {1 },
  month = {Feb.},
}

@INPROCEEDINGS{CotsBots,
  author = {S. Bergbreiter and K.S.J. Pister},
  title = {CotsBots: An Off-the-Shelf Platform for Distributed Robotics},
  booktitle = {Proc. of the IEEE Int. Conf. on Robotics and Automation},
  year = {2003},
  address = {Las Vegas, NE},
  month = {October},
}

@INPROCEEDINGS{berkemeier01visualservo,
  author = {Matthew Berkemeier and Morgan Davidson and Vikas Bahl and YangQuan Chen and Lili Ma},
  title = {Visual servoing of an
	 omnidirectional mobile robot for alignment with parking lot lines},
  booktitle = {Proceedings of the IEEE International Conference Robotics and Automation (ICRA'02)},
  year = {2002},
  pages = {4204-4210},
  organization = {IEEE},
}

@INPROCEEDINGS{BernoussiDist,
  author = {A. Bernoussi and A. El Ja{\"i}},
  title = {Distributed parameter systems spreadability and evolving interfaces},
  booktitle = {14th Int. Symposium on Mathematical Theory of Networks and Systems},
  year = {2000},
  address = {Perpignan, France},
  month = jun,
  mynote = {Talk about wave equation. The authors also
	 used cellar automata, rather then PDE to model distributed parameter
	 systems. It is not very related to MAS-net. So I didn't read more},
  url = {http://www.univ-perp.fr/mtns2000/articles/B240.pdf},
}

@ARTICLE{Jai_ijss01,
  author = {A. Bernoussi and A. El Ja{\"i} and A.~J. Pritchard},
  title = {Spreadability and evolving interfaces},
  journal = {International Journal of Systems Sciences},
  year = {2001},
  volume = {32},
  pages = {1217--1232},
  number = {10},
}

@INPROCEEDINGS{Horst92Accurate,
  author = {Horst A. Beyer},
  title = {Accurate calibration of {CCD}-cameras},
  booktitle = {Proceedings of IEEE Conference on Computer Vision and Pattern Recognition},
  year = {1992},
  pages = {96-101},
  address = {Champaign, Illinois},
  month = {June},
}

@ARTICLE{bodson97,
  author = {M. Bodson and S. C. Douglas},
  title = {Adaptive algorithm for the rejection of periodic disturbances with unknown frequency},
  journal = {Automatica},
  year = {1997},
  volume = {33},
  pages = {2213--2221},
  number = {12},
}

@ARTICLE{zhou1,
  author = {S.~M. Bohte and H.~La Poutr{\'e} and J.~N. Kok},
  title = {Unsupervised classification in a Network of spiking neurons},
  journal = {IEEE Trans. on Neural Networks},
  year = {2002},
  volume = {13},
  pages = {426-435},
}

@ARTICLE{hov93,
  author = {J.-D. Boissonnat and O. Devillers and M. Teillaud},
  title = {A semidynamic construction of higher-order Voronoi diagrams and its randomized analysis},
  journal = {Algorithmica},
  year = {1993 },
  volume = {9 },
  pages = {329--356},
}

@INPROCEEDINGS{Boskovic2002,
  author = {Boskovic, J.D.and Sai-Ming Li and Mehra, R.K.},
  title = {Formation flight control design in the presence of unknown leader commands},
  booktitle = {Proceedings of the 2002 American Control Conference},
  year = {2002 },
  volume = {4 },
  pages = {2854-2859},
  month = {May},
}

@INPROCEEDINGS{Bougnoux98criticismself-calibration,
  author = {S. Bougnoux},
  title = {From projective to {E}uclidean
	 space under any practical situation, a criticism of self-calibration},
  booktitle = {Proceedings of 6th IEEE International Conference on Computer Vision},
  year = {1998},
  pages = {790-796},
  address = {Bombay, India},
  month = {Jan.},
}

@INPROCEEDINGS{OxfordICIP01,
  author = {Brauer-Burchardt, C. and Voss, K.},
  title = {A New Algorithm to Correct
	 Fish-eye- and Strong Wide-angle-lens-distortion from Single Images},
  booktitle = {International Conference on Image Processing},
  year = {2001},
  pages = {225-228},
  month = {Oct.},
}

@BOOK{zhou25b,
  title = {Data Analysis for the Laboratory and Chemical Plant ({C}hapter 4 {C}hemometrics.)},
  publisher = {John Wiley \& Sons},
  year = {2003},
  author = {R.~G. Brereton},
}

@ARTICLE{Brown71CloseRange,
  author = {D.~C. Brown},
  title = {Close-range camera calibration},
  journal = {Photogrammetric Engineering},
  year = {1971},
  volume = {37},
  pages = {855-866},
  number = {8},
}

@INPROCEEDINGS{burdet97,
  author = {Burdet, E. and Rey, L. and Codourey, A.},
  title = {A trivial method of learning control},
  booktitle = {Preprints of the 5th {IFAC} Symposium on Robot Control, volume 2},
  year = {1997},
  address = {Nante, France.},
  organization = {IFAC},
}

@INPROCEEDINGS{berkov99,
  author = {I.V. Burkov and A.T. Zaremba},
  title = {Adaptive control for angle speed oscillations generated by periodic disturbances},
  booktitle = {Proc. 6th St. Petersburg Symp. on Adaptive Systems Theory},
  year = {1999},
  pages = {34--36},
  address = {St. Petersburg},
}

@INCOLLECTION{Estrin03SV,
  author = {Vladimir Bychkovskiy and Seapahn Megerian and Deborah Estrin and Miodrag Potkonjak},
  title = {A Collaborative Approach to In-Place Sensor Calibration},
  booktitle = {Proceedings of the 2nd
	 International Workshop on Information Processing in Sensor Networks
	 (IPSN'03), also in volume 2634 of Lecture Notes in Computer Science},
  publisher = {Springer-Verlag},
  year = {2003},
  pages = {301-316},
}

@ARTICLE{cheah_ijs01,
  author = {C.~C.~Cheah},
  title = {Robustness of time-scale learning of robot motions to uncertainty in acquired knowledge},
  journal = {J. of Robotic Systems},
  year = {2001},
  volume = {18},
  pages = {599-608 },
  number = {10},
}

@ARTICLE{KubruslySensor85,
  author = {C.~G.~Kubrusly and H.~MaleBranche},
  title = {Sensors and controllers location in distributed systems},
  journal = {Automatica},
  year = {1985},
  volume = {21},
  pages = {17-128},
  number = {2},
  mynote = {Ucinski 145:},
}

@BOOK{qft,
  title = {Classical feedback control with {MATLAB}},
  publisher = {Marcel Dekker, Inc.},
  year = {2000},
  editor = {Neil Munro},
  author = {C.~H.~Houpis and S.~J.~Rasmussen},
  volume = {6},
  series = {Control Engineering Series of Reference Books and Textbooks},
  address = {New York},
}

@BOOK{CallawaySensorNet,
  title = {Wireless Sensor Networks: Architectures and Protocols},
  publisher = {CRC Press},
  year = {2003},
  author = {Edgar Callaway},
  address = {Boca Raton, FL, USA},
  isbn = {0849318238},
}

@ARTICLE{Cao2002,
  author = {Zhiqiang Cao and Min Tan and Shuo Wang and Yong Fan and Bin Zhang},
  title = {The optimization research of formation control for multiple mobile robots},
  journal = {Intelligent Control and Automation},
  year = {2002 },
  volume = {2002. Proceedings of the 4th World Congress on },
  pages = {1270 - 1274 },
  number = {2 },
  month = {June},
}

@INPROCEEDINGS{Cao2003,
  author = {Zhiqiang Cao and Liangjun Xie and Bin Zhang and Shuo Wang and Min Tan},
  title = {Formation constrained multi-robot system in unknown environments},
  booktitle = {Proceedings of the IEEE International Conference on Robotics and Automation},
  year = {2003 },
  volume = {1 },
  pages = {735-740},
  month = {Sept.},
}

@MISC{mihaela2005,
  author = {Mihaela Cardei and Jie WU},
  title = {Coverage in Wireless Sensor Networks},
  howpublished = {\url{http://www.cse.fau.edu/~jie/}},
  source = {Department of Computer Science and Engineering, FAU},
}

@ARTICLE{CarotenutoMobileSensorDPS,
  author = {L. Carotenuto and P. Muraca and G. Raiconi},
  title = {Optimal location of a
	 moving sensor for the estimation of a distributed parameter system},
  journal = {International Journal of Control},
  year = {1987},
  number = {5},
  page = {1671-1688},
  volumn = {46},
}

@ARTICLE{zhou7,
  author = {M.~C. Carotta and M. Ferroni and D. Gnani and V.
	 Guidi and M. Merli and G. Martinelli and M.~C. Casale and M. Notaro},
  title = {Nanostructured pure and {N}b-doped
	 {T}i{O}$_2$ as thick film gas sensors for environmental monitoring},
  journal = {Sens. Actuators, B Chemical},
  year = {1999},
  volume = {58},
  pages = {310-317},
}

@ARTICLE{zhou15,
  author = {R.~E. Cavicchi and R.~M. Walton and M.~A.
	 Walton and M. Aquino-Class and J.~D. Allen and B. Panchapakesan},
  title = {Spin-on nanoparticle tin oxide for microhotplate gas sensors},
  journal = {Sens. Actuators, B. Chemical},
  year = {2001},
  volume = {77},
  pages = {145-154},
}

@INPROCEEDINGS{Estrin02Habitat,
  author = {A. Cerpa and J. Elson and D. Estrin and L. Girod and M. Hamilton and J. Zhao},
  title = {Habitat monitoring: Application driver for wireless communications technology},
  booktitle = {Proc. of the 2001 ACM SIGCOMM
	 Workshop on Data Communications in Latin America and the Caribbean},
  year = {2001},
  address = {San Jose, Costa Rica},
  month = {April},
}

@ARTICLE{zhou17,
  author = {C.~C. Chai and J. Peng and and B.~P. Yan},
  title = {Preparation and Gas Sensing Properties of alpha-{F}e$_2${O}$_3$ Thin Films},
  journal = {J. Electron. Mater.},
  year = {1995},
  volume = {24},
  pages = {799-804},
}

@INPROCEEDINGS{chen-iros05d,
  author = {P. Chen and Z. Song and Z. Wang and Y.~Q. Chen},
  title = {Pattern Formation in Mobile Actuator and Sensor Network ({MAS}-net)},
  booktitle = {Proceedings of the IEEE/RSJ Int. Conf. on Intelligent Robots and Systems (IROS05)},
  year = {2005},
  pages = {(submitted)},
  address = {Edmonton, Alberta, Canada},
  month = {Aug.},
}

@MASTERSTHESIS{PchenMS,
  author = {Peng-Yu Chen},
  title = {Pattern Formation in Mobile Wireless Sensor Networks},
  school = {Utah State University},
  year = {2005},
  address = {Logan Utah, USA},
}

@INPROCEEDINGS{chen-iros05e,
  author = {Pengyu Chen and Lili Ma and Zhen Song and YangQuan Chen},
  title = {Calibration of Camera Extrinsic Parameters
	 for a 2D Platform of Mobile Actuator-Sensor Networks ({MAS}-net)},
  booktitle = {Proceedings of the IEEE/RSJ Int. Conf. on Intelligent Robots and Systems (IROS05)},
  year = {2005},
  pages = {(submitted)},
  address = {Edmonton, Alberta, Canada},
  month = {Aug.},
}

@INPROCEEDINGS{Songspie04a,
  author = {Y Chen and K Moore and Z Song},
  title = {Diffusion based path planning in
	 mobile actuator-sensor networks (MAS-net) - some preliminary results},
  booktitle = {Proc. of SPIE Conf. on Intelligent Computing: Theory and
	 Applications II, part of SPIE's Defense and Security, Orlando, FL},
  year = {2004},
}

@UNPUBLISHED{chenlecture04,
  author = {YangQuan Chen},
  title = {Lecture notes},
  note = {ECE6330 Nonlinear and Adaptive Control, Utah State University},
  month = {Spring},
  year = {2004},
}

@INPROCEEDINGS{moore_acc02,
  author = {YangQuan Chen and K.~L. Moore },
  title = {{PI}-type Iterative Learning Control Revisited },
  booktitle = {2002 American Control Conference (ACC'02, accepted) },
  year = {2002},
  pages = {1-6},
  address = {Anchorage, Alaska, USA.},
  month = {May 8-10},
  organization = {AACC},
}

@ARTICLE{chen_ijc02,
  author = {YangQuan Chen and Kevin L. Moore},
  title = {A practical iterative learning path following control of an omni-directional vehicle},
  journal = {Asian Journal of Control},
  year = {2002},
  volume = {4},
  pages = {90-98},
  number = {1},
}

@INPROCEEDINGS{chen_moore_cdc02,
  author = {YangQuan Chen and Kevin L. Moore },
  title = {Harnessing the Nonrepetitiveness in Iterative Learning Control},
  booktitle = {Submitted to the 40th IEEE Conference on Decision and Control},
  year = {2002},
  pages = {1-6},
  address = {Las Vegas, NE, USA},
  month = {Dec.},
  organization = {IEEE},
}

@ARTICLE{cm_automatica01,
  author = {YangQuan Chen and Kevin L. Moore},
  title = {Analytical stability bound for delayed second
	 order systems with repeating poles using {L}ambert function $W$},
  journal = {Automatica},
  year = {2002},
  volume = {38},
  pages = {(in press)},
  number = {5},
}

@INPROCEEDINGS{MASnetSPIE04ZoneControl,
  author = {YangQuan Chen and Kevin L. Moore and Zhen Song},
  title = {Diffusion Boundary Determination and Zone Control via Mobile
	 Actuator-Sensor Networks ({MAS}-Net): Challenges and Opportunities},
  booktitle = {Intelligent Computing:
	 Theory and Applications II, part of SPIE's Defense and Security},
  year = {2004},
  address = {Orlando, FL},
  month = apr,
}

@INBOOK{chen_riots95,
  chapter = {{RIOTS\_95} - a {MATLAB} Toolbox for Solving General
	 Optimal Control Problems And Its Applications to Chemical Processes},
  pages = {r},
  title = {Recent Developments in Optimization and Optimal Control in Chemical Engineering},
  author = {YangQuan Chen and Adam L. Schwartz},
}

@CONFERENCE{aps2,
  author = {Krishna Chintalapudi and Ramesh Govindan and Gaurav Sukhatme and Amit Dhariwal},
  title = {Ad-hoc localization using ranging and sectoring},
  booktitle = {In Proceedings of IEEE INFOCOM '04, Hong Kong, China},
  year = {2004},
  month = {April},
}

@CONFERENCE{aps2,
  author = {Krishna Chintalapudi and Ramesh Govindan and Gaurav Sukhatme and Amit Dhariwal},
  title = {Ad-hoc localization using ranging and sectoring},
  booktitle = {Proceedings of IEEE INFOCOM '04, Hong Kong, China},
  year = {2004},
  month = {April},
}

@MANUAL{CC1000,
  title = {SmartRF. CC1000 PRELIMINARY Datasheet},
  author = {Chipcon},
  edition = {rev. 2.1},
  month = {April},
  year = {2002},
  source = {www.chipcon.com},
}

@ARTICLE{ChongSensornet,
  author = {Chee-Yee Chong and Srikanta Pumar},
  title = {Sensor Networks: Evolution, Opportunities, and Challenges},
  journal = {IEEE Proceedings},
  year = {2003},
  volume = {91},
  pages = {1247-1256},
  number = {8},
  month = aug,
}

@ARTICLE{HOSinControl04,
  author = {M.~A.~A.~Shoukat Choudhury and S.~L.~Shah and N.~F.~Thornhill},
  title = {Diagnosis of Poor Control-Loop Performance Using Higher-Order Statistics},
  journal = {Automatica},
  year = {2004},
  volume = {40},
  pages = {1719-1728},
  number = {10},
  month = {Oct.},
}

@ARTICLE{Fangy98,
  author = {Chow, T.~W.~S. and Yong Fang},
  title = {An iterative learning control
	 method for continuous-time systems based on 2-{D} system theory},
  journal = {IEEE Trans. on Circuits and Systems I: Fundamental Theory and Applications},
  year = {1998},
  volume = {45},
  pages = {683 -689},
  number = {6},
  month = {June},
}

@ARTICLE{Chuang98ieeetra,
  author = {Jen-Hui Chuang},
  title = {Potential-based modeling of three-dimensional workspace for obstacle avoidance},
  journal = {IEEE Transactions on Robotics and Automation},
  year = {1998},
  volume = {14},
  pages = {778-785},
  number = {5},
  month = {Oct.},
}

@INPROCEEDINGS{chung2004,
  author = {Timothy H. Chung and Vijay Gupta and Joel W.~Burdick and Richard M. Murray},
  title = {On a Decentralized Active Sensing Strategy using Mobile Sensor Platforms in a Network},
  booktitle = {Proceedings of 43th IEEE Conference on Decision and Control},
  year = {2004},
  pages = {1914--1919},
  month = {December},
}

@BOOK{corless94,
  title = {Essential Maple },
  publisher = {Springer-Verlag},
  year = {1994},
  author = {R. M. Corless},
}

@ARTICLE{corless93,
  author = {Robert M. Corless and G. H. Gonnet and D. E. G. Hare and D. J. Jeffrey},
  title = {{L}ambert's ${W}$ Function in {M}aple},
  journal = {Maple Technical Newsletter},
  year = {1993},
  volume = {9},
  pages = {12--22},
}

@ARTICLE{corless96,
  author = {Robert M. Corless and
	 G. H. Gonnet and D. E. G. Hare and D. J. Jeffrey and D. E. Knuth},
  title = {On the {L}ambert {$W$} Function},
  journal = {Advances in Computational Mathematics},
  year = {1996},
  volume = {5},
  pages = {329--359},
}

@INPROCEEDINGS{corless97,
  author = {Robert M. Corless and David J. Jeffrey and Donald E. Knuth},
  title = {A Sequence of Series for the {L}ambert {$W$} Function},
  booktitle = {Proceedings ISSAC '97},
  year = {1997},
  editor = {Wolfgang W. Kuechlin},
  pages = {197--204},
  address = {Maui, USA},
}

@ARTICLE{jorge2004,
  author = {Jorge Cort{\'e}s and Sonia Mat{\'i}nez and Timur Karatas and Francesco Bullo},
  title = {Coverage {C}ontrol for {M}obile {S}ensing {N}etworks},
  journal = {IEEE Transactions on Robotics and Automation},
  year = {2004},
  volume = {20},
  pages = {243--255},
  number = {20},
  month = {April},
  keywords = {mobile coverage control},
}

@INPROCEEDINGS{cowan2003,
  author = {Noah Cowan and Omid Shakernia and Rene Vidal and Shankar Satry},
  title = {Vision-based Follow-the-leader},
  booktitle = {International conference on Intelligent Robots and Systems},
  year = {2003 },
  pages = {1796 -1801},
  address = {Las Vegas, NV},
  month = {October},
}

@MANUAL{micazmanual,
  title = {{MICAz Datasheet}},
  author = {Crossbow},
  organization = {Crossbow Technology, Inc},
  address = {41 Daggett Dr, San Jose, CA},
  edition = {{B}},
  month = {May},
  year = {2004},
}

@MANUAL{motemanual,
  title = {{MPR/MIB Mote User Manual}},
  author = {Crossbow},
  organization = {Crossbow Technology, Inc},
  address = {41 Daggett Dr, San Jose, CA},
  edition = {{B}},
  month = {May},
  year = {2003},
}

@MISC{Crossbow,
  author = {Crossbow},
  title = {{Crossbow}},
  howpublished = {\url{http://www.xbow.com/Products/productsdetails.aspx?sid=3}},
  url = {http://www.xbow.com/Products/productsdetails.aspx?sid=3},
}

@MISC{MICA,
  author = {Crossbow},
  title = {{MICA}},
  howpublished = {\url{http://www.xbow.com/Products/productsdetails.aspx?sid=72}},
  url = {http://www.xbow.com/Products/productsdetails.aspx?sid=70},
}

@MISC{mica2,
  author = {Crossbow},
  title = {{MICA2}},
  howpublished = {\url{http://www.xbow.com/Products/productsdetails.aspx?sid=72}},
  url = {http://www.xbow.com/Products/productsdetails.aspx?sid=72},
}

@MISC{MICA2,
  author = {Crossbow},
  title = {{MICA2}},
  howpublished = {\url{http://www.xbow.com/Products/productsdetails.aspx?sid=69}},
  url = {http://www.xbow.com/Products/productsdetails.aspx?sid=69},
}

@MANUAL{xnp,
  title = {Mote In-Network Programming User Reference},
  author = {Crossbow Technology, Inc.},
  month = {March},
  year = {2003},
}

@INPROCEEDINGS{cruise99,
  author = {R. J. Cruise and C. F. Landy},
  title = {Reduction of cogging forces in linear synchronous motors},
  booktitle = {1999 IEEE AFRICON},
  year = {1999},
  pages = {623-626},
  address = {Cape Town South Africa},
  month = {28 Sept.-1 Oct.},
}

@BOOK{Curtain_SVbook95,
  title = {An Introduction to Infinite Dimensional Linear Systems Theory},
  publisher = {Springer-Verlag},
  year = {1995},
  author = {Curtain, R.~F. and Zwart, H.~J.},
  address = {New York},
}

@PHDTHESIS{Swaroop1994,
  author = {D.Swaroop},
  title = {String stability of interconnected
	 systems: An application to platooning in automated highway systems},
  school = {Univ of Califonia at Berkely},
  year = {1994},
}

@INPROCEEDINGS{UcinskiRob99,
  author = {D.~Uci\'nski},
  title = {A technique of robust
	 sensor allocation for parmeter estimation in distributed systems},
  booktitle = {5th European Control Conference},
  year = {1999},
  editor = {P.~M.~Frank},
  address = {Karlsruhe, Germany},
  month = {31 Aug.-3 Sep.},
  note = {Published on CD-ROM},
  mynote = {Ucinski 309},
}

@ARTICLE{Das2002,
  author = {Das, A.~K. and Fierro, R. and
	 Kumar, V. and Ostrowski, J.~P. and Spletzer, J. and Taylor, C.~J.},
  title = {A vision-based formation control framework},
  journal = {IEEE Transactions on Robotics and Automation},
  year = {2002 },
  volume = {18 },
  pages = {813 - 825},
  number = {5 },
  month = {Oct.},
}

@ARTICLE{achen01,
  author = {Daskin, M.~S. and Hesse, S.~M. and Revelle, C.~S. },
  title = {$\alpha$-reliable $p$-minimax regret: a new model for strategic facility location modeling},
  journal = {Location Science},
  year = {1997},
  volume = {5},
  pages = {227-246},
  number = {4},
}

@INPROCEEDINGS{haessig90,
  author = {David A. Haessig, Jr and Bernard Friedland},
  title = {On the modeling and simulation of friction},
  booktitle = {1990 American Control Conference},
  year = {1990},
  pages = {1256-1261},
  address = {San Diego, Calif, USA.},
  month = {May 23-25},
  organization = {AACC},
}

@ARTICLE{zhou27,
  author = {F.~A.~M. Davide and C.~D. Natale and A.~D'Amico},
  title = {Self-organizing multisensor systems for odour
	 classification: internal categorization, adaptation and drift rejection},
  journal = {Sens. Actuators, B. Chemical},
  year = {1994},
  volume = {18},
  pages = {244--258},
}

@PHDTHESIS{chapter4,
  author = {Paul Ernest Debevec},
  title = {Modeling and rendering architecture from photographs},
  school = {Computer Science Department, University of Michigan at Ann Arbor},
  year = {1996},
}

@INPROCEEDINGS{Desai1998,
  author = {Desai, J.~P. and Ostrowski, J. and Kumar, V.},
  title = {Controlling formations of multiple mobile robots},
  booktitle = {Proceedings of the IEEE International Conference on Robotics and Automation},
  year = {1998 },
  volume = {4 },
  pages = {2864-2869},
  month = {May},
}

@ARTICLE{Desai2001,
  author = {Desai, J.~P. and Ostrowski, J.~P. and Kumar, V.},
  title = {Modeling and control of formations of nonholonomic mobile robots},
  journal = {IEEE Transactions on Robotics and Automation},
  year = {2001 },
  volume = {17 },
  pages = {905 - 908},
  number = {6 },
  month = {Dec.},
}

@ARTICLE{OlivierF01Straight,
  author = {Frederic Devernay and Olivier Faugeras},
  title = {Straight lines have to be straight},
  journal = {Machine Vision and Applications},
  year = {2001},
  volume = {13},
  pages = {14-24},
  number = {1},
}

@MISC{intel,
  author = {Online Document},
  title = {Camera calibration toolbox for {M}atlab},
  howpublished = {{\tt http://www.vision.caltech.} {\tt edu/bouguetj/calib\_doc/}},
}

@ARTICLE{linearpwc,
  author = {Murat Do{\"g}ruel},
  title = {Input {L}inearization of {N}onlinear systems via {P}ulse-{W}idth {C}ontrol},
  journal = {IEEE Transactions on Automatic Control},
  year = {2003},
  volume = {48},
  pages = {635--638},
  number = {4},
  month = {Apr},
}

@INPROCEEDINGS{Fenglei93Self,
  author = {Fenglei Du and Michael Brady},
  title = {Self-calibration of a stereo-camera by pure translational motion},
  booktitle = {Proceedings of IEEE Conference on Computer Vision and Pattern Recognition},
  year = {1993},
  pages = {477-482},
  address = {New York, NY},
  month = {June},
}

@ARTICLE{du98,
  author = {Hongliu Du and Nair, S.S.},
  title = {Low velocity friction compensation},
  journal = {IEEE Control Systems Magazine},
  year = {1998},
  volume = {18},
  pages = {61--69},
  number = {2},
}

@ARTICLE{Qiang1999,
  author = {Qiang Du and Vance Faber and Max Gunzburger},
  title = {Centroidal {V}oronoi {T}essellations: {A}pplications and {A}lgorithms},
  journal = {SIAM REVIEW},
  year = {1999},
  volume = {41},
  pages = {637--676},
  number = {4},
  keywords = {centroidal voronoi tessellation application},
}

@INPROCEEDINGS{swarm93,
  author = {Dudek, G. and Jenkin, M. and Milios, E. and Wilkes, D.},
  title = {A taxonomy for swarm robots},
  booktitle = {Proceedings of the 1993 IEEE/RSJ
	 International Conference on Intelligent Robots and Systems, IROS '93},
  year = {1993},
  pages = {441-447},
}

@INPROCEEDINGS{Dudenhoeffer2000,
  author = {Dudenhoeffer, D.~D and Jones, M.~P.},
  title = {A formation behavior for large-scale micro-robot force deployment},
  booktitle = {Simulation Conference Proceedings},
  year = {2000 },
  volume = {1},
  pages = {972-982},
  month = {Dec.},
}

@ARTICLE{RafajlowiczOpt83,
  author = {E.~Rafajlowicz},
  title = {Optimal experiment design for identification of
	 linear distributed-parameter systems: frequency domain approach},
  journal = {IEEE Transactions on Automatic Control},
  year = {1983},
  volume = {28},
  pages = {806-808},
  number = {7},
  month = jul,
}

@ARTICLE{Rafajlowicz81,
  author = {E.~Rafajlowicz},
  title = {Design of experiments for eigenvalue identification in distributed-parameter systems},
  journal = {International Journal of Control},
  year = {1981},
  volume = {34},
  pages = {1079-1094},
  number = {6},
}

@ARTICLE{Rafajlowicz78,
  author = {E.~Rafajlowicz},
  title = {Design of experimetns for parameter identification of the static distributed systems},
  journal = {System Science},
  year = {1978},
  volume = {4},
  pages = {349-361},
  number = {4},
}

@BOOK{Jai_book88,
  title = {Sensors and Actuators in Distributed Systems Analysis},
  publisher = {Ellis Horwood, John Wiley},
  year = {1988},
  author = {El Jai, A., and Pritchard, A. J.},
  series = {Ellis Horwood Series in Applied Mathematics},
  address = {Chichester, West Sussex: Ellis Horwood},
}

@INPROCEEDINGS{ElICCV03Non,
  author = {Moumen T. El-Melegy and Aly A. Farag},
  title = {Nonmetric Lens Distortion
	 Calibration: Closed-form Solutions, Robust Estimation and Model Selection},
  booktitle = {IEEE International Conference on Computer Vision},
  year = {2003},
  address = {Nice, France},
}

@BOOK{zhou21,
  title = {Robotics in Service},
  publisher = {Kogan Page},
  year = {1989},
  author = {J.~F. Engelberger},
  address = {London},
}

@INPROCEEDINGS{Estrin01Instrumenting,
  author = {Estrin, D. and Girod, L. and Pottie, G. and Srivastava, M.},
  title = {Instrumenting the world with wireless sensor networks},
  booktitle = {Proceedings of the IEEE International Conference
	 on Acoustics, Speech, and Signal Processing, 2001. (ICASSP '01)},
  year = {2001},
  pages = {2033-2036},
  month = {May},
}

@ARTICLE{euler1779,
  author = {L. Euler },
  title = {De serie {L}ambertina plurimistique eius insignibus proprietatibus},
  journal = {Leonardo Euleri Opera Omnia, Ser. 1, Opera Mathematica, {\bf 6}, 1921},
  year = {1779},
  pages = {350--369},
}

@ARTICLE{euler1777,
  author = {L. Euler },
  title = {Deformulis exponentialibus replicatis},
  journal = {Leonardo Euleri Opera Omnia, Ser. 1, Opera Mathematica, {\bf 15}, 1927},
  year = {1777},
  pages = {268-297},
}

@ARTICLE{Demetriou00JCAM,
  author = {F. Fahroo and M.~A. Demetriou},
  title = {Optimal Location of Sensors and Actuators for an Active Noise Control Problem},
  journal = {Journal of Computational and Applied Mathematics},
  year = {2000},
  volume = {114},
  pages = {137-158},
  number = {1},
}

@INPROCEEDINGS{falbo95,
  author = {C. E. Falbo },
  title = {Analytic and Numerical Solutions to the Delay Differential Equations},
  booktitle = {Joint Meeting of the Northern and Southern California Sections of the MAA},
  year = {1995},
  address = {San Luis Obispo, CA., USA},
}

@ARTICLE{Hany01blindremoval,
  author = {Hany. Farid and Alin C. Popescu},
  title = {Blind removal of lens distortion},
  journal = {Journal of the Optical Society of America A, Optics, Image Science, and Vision},
  year = {2001},
  volume = {18},
  pages = {2072-2078},
  number = {9},
  month = {Sept.},
}

@INPROCEEDINGS{Faugeras92self-calibration,
  author = {O.~D. Faugeras and Q.~T. Luong and S.~J. Maybank},
  title = {Camera self-calibration: theory and experiments},
  booktitle = {Proceedings of the 2nd European Conference on Computer Vision},
  year = {1992},
  pages = {321-334},
  address = {Santa Margherita Ligure, Italy},
  month = {May},
}

@INPROCEEDINGS{Faulds2000,
  author = {A.~L. Faulds and B.~B. King},
  title = {Sensor Location for Feedback Control of Partial Differential Equation Systems},
  booktitle = {Proceedings of the 2000 IEEE CCA/CACSD},
  year = {2000},
  pages = {536 - 541},
  address = {Anchorage, AK},
  month = {September},
}

@ARTICLE{Fax2004,
  author = {Fax, J.~A. and Murray, R.~M.},
  title = {Information flow and cooperative control of vehicle formations},
  journal = {IEEE Transactions on Automatic Control},
  year = {2004 },
  volume = {49 },
  pages = {1465 - 1476},
  number = {9 },
  month = {Sept.},
}

@INPROCEEDINGS{ferretti04,
  author = {Gianni Ferretti and Gianantonio Magnani and Paolo Rocco},
  title = {An integral friction model},
  booktitle = {Proceedings of the 2004 IEEE International Conference. on Robotics and Automation},
  year = {2004},
  pages = {1809-1813},
  address = {New Orleans, LA, USA},
  month = {April},
}

@INPROCEEDINGS{Andrew01Simultaneous,
  author = {Andrew W. Fitzgibbon},
  title = {Simultaneous linear estimation of multiple view geometry and lens distortion},
  booktitle = {Proceedings of the Conference on Computer Vision and Pattern Recognition},
  year = {2001},
  pages = {125-132},
  address = {Kauai, Hawaii},
  month = {Dec.},
}

@INPROCEEDINGS{Lili02Fit,
  author = {Flann, N.~S. and Moore, K.~L. and Ma, L.},
  title = {A small mobile robot for security and inspection operations},
  booktitle = {Proceedings of 1st IFAC
	 Conference on Telematics Applications in Automation and Robotics},
  year = {2001},
  pages = {1-6},
  address = {Weingarten, Germany},
  month = {July},
  organization = {IFAC},
}

@BOOK{FowkesModel,
  title = {An Introduction to Mathematical Modelling},
  publisher = {John Wiley \& Sons},
  year = {1994},
  author = {Neville D. Fowkes and John J. Mahony},
  address = {West Sussex PO19 1UD, England},
  isbn = {0471934224},
  mynote = {define erf(), heat/diffusion model},
}

@MISC{zhou20,
  author = {Fraunhofer, {IPM} },
  title = {Multi sensor systems for process and environmental monitoring },
  howpublished = {{\tt http://www.ipm.fhg.de/pdfs/prozess\_umwelt/hl-gas\_specs\_e.pdf}},
  month = {Feb.},
  year = {2004},
}

@INPROCEEDINGS{frazzoli2004,
  author = {Emilio Frazzoli and Francesco Bullo},
  title = {Decentralized Algorithms for vehicle Routing in a Stochastic Time-varying Environment},
  booktitle = {43th IEEE Conference on Decision and Control},
  year = {2004},
  pages = {3357--3363},
  address = {Atlantis, Paradise Island},
  month = {December},
}

@INPROCEEDINGS{friedland92,
  author = {Bernard Friedland and Sophia Mentzelopoulou},
  title = {On adaptive friction compensation without velocity measurement},
  booktitle = {Proceedings of the First IEEE International Conference on Control Applications},
  year = {1992},
  pages = {1076-1081},
  address = {Dayton, OH, USA},
  month = {Sep.},
  organization = {IEEE},
}

@INPROCEEDINGS{friedland91,
  author = {Bernard Friedland and Young-Jin Park},
  title = {On adaptive friction compensation},
  booktitle = {Proceedings of the 30th IEEE Conference on Decision and Control},
  year = {1991},
  pages = {2899-2902},
  address = {Brighton, England},
  month = {Dec.},
  organization = {IEEE},
}

@ARTICLE{gabriel1969,
  author = {K. R. Gabriel and R. R. Sokal},
  title = {A new Statistical Approach to Geographic Variation Analysis},
  journal = {Systematic Zoology},
  year = {1969},
  volume = {18},
  pages = {259--278},
}

@ARTICLE{zhou25c,
  author = {J.~W. Gardner},
  title = {Detection of vapours and odours from a multisensor array using pattern
	 recognition - {P}art 1: Principal component and cluster analysis},
  journal = {Sens. Actuators, B. Chemical},
  year = {1991},
  volume = {4},
  pages = {109-115},
}

@ARTICLE{garimella96,
  author = {S. S. Garimella and K. Srinivasan},
  title = {Application of repetive control to eccentricity compensation in rolling},
  journal = {J Dyn. Syst., Meas., Contr.},
  year = {1996},
  volume = {118},
  pages = {657--664},
}

@INPROCEEDINGS{nesc_pp,
  author = {David Gay and Phil Levis and
	 Robert von Behren and Matt Welsh and Eric Brewer and David Culler},
  title = {The nesC Language: A Holistic Approach to Networked Embedded Systems},
  booktitle = {Proceedings of the ACM SIGPLAN 2003 conference on
	 Programming language design and implementation, San Diego, California, USA},
  year = {2003},
  pages = {1-11},
}

@MANUAL{nesc,
  title = {{NesC 1.1 Language Reference Manual}},
  author = {David Gay and Philip Levis and David Culler and Eric Brewer},
  month = {May},
  year = {2003},
}

@INPROCEEDINGS{Gazi2003,
  author = {Gazi, V.},
  title = {Formation control of a
	 multi-agent system using decentralized nonlinear servomechanism},
  booktitle = {Proceedings of the 42nd IEEE Conference on Decision and Control },
  year = {2003},
  volume = {3 },
  pages = {2531-2536},
  month = {Dec.},
}

@ARTICLE{stswarm,
  author = {Veysel Gazi and Kevin M.Passino},
  title = {Stability Analysis of Swarms},
  journal = {IEEE Transactions on Automatic Control},
  year = {2003},
  volume = {48},
  pages = {692--697},
  number = {4},
  month = {Apr},
}

@ARTICLE{ge2002,
  author = {S.S GE and Y.J. CUI},
  title = {Dyanmic motiong planning for mobile robots using potentail field method},
  journal = {Autonomous Robots},
  year = {2002},
  volume = {13},
  pages = {207--222},
}

@INPROCEEDINGS{SamGe2004,
  author = {Shuzhi Sam Ge and Cheng-Heng Fua and Khiang Wee Lim},
  title = {Multi-robot formations: queues and artificial potential trenches},
  booktitle = {IEEE International Conference on Robotics and Automation},
  year = {2004 },
  volume = {4 },
  pages = {3345-3350},
  month = {April},
}

@ARTICLE{GharaviMultihop,
  author = {Hamid Gharavi and Koichiro Ban},
  title = {Multihop Sensor Network Design for Wide-Band Communications},
  journal = {IEEE Proceedings},
  year = {2003},
  volume = {91},
  pages = {1235-1249},
  number = {8},
  month = aug,
}

@ARTICLE{GharaviSensornet,
  author = {Hamid Gharavi and Srikanta P. Kumar},
  title = {Special Issue on Sensor Networks and Applications},
  journal = {IEEE Procedings},
  year = {2003},
  volume = {91},
  number = {8},
  month = aug,
}

@BOOK{chris2000,
  title = {Algebraic Graph Theory},
  publisher = {Springer-Verlag},
  year = {2000},
  author = {Chris Godsil and Gordon Royle},
  address = {New York},
  edition = {2nd},
}

@ARTICLE{zhou5,
  author = {W. Gopel},
  title = {New Material and Transducers for Chemical Sensors},
  journal = {Sens. Actuators, B Chemical},
  year = {1994},
  volume = {18-19},
  pages = {1-21},
}

@BOOK{gorecki89,
  title = {Analysis and Synthesis of Time Delay Systems},
  publisher = {John Wiley and Sons, PWN-Polish Scientific Publishers},
  year = {1989},
  author = {H. Gorecki and S. Fuksa and P. Grabowski and A. Korytowski },
  address = {Warszawa},
}

@INPROCEEDINGS{Gorinevsky_cdc01,
  author = {Gorinevsky, D. and Hyde, T. and Cabuz, C.},
  title = {Distributed shape control of lightweight space reflector structure},
  booktitle = {Proceedings of the 40th IEEE Conference on Decision and Control},
  year = {2001},
  pages = {3850--3855},
  address = {Orlando, Florida, USA},
  month = {Dec.},
}

@ARTICLE{Millibots,
  author = {Robert Grabowski and Luis E.
	 Navarro-Serment and Christiaan J. J. Paredis and Pradeep K. Khosla},
  title = {Heterogeneous Teams of Modular Robots for Mapping and Exploration},
  journal = {Autonomous Robots},
  year = {2000},
  volume = {8},
  pages = {293-308},
  number = {3},
}

@ARTICLE{zhou12,
  author = {I. Gracia and J. Santander and C. Cane and M.~C. Horrillo and I. Sayago and J. Gutierrez},
  title = {Results on the reliability
	 of silicon micromachined structures for semiconductor gas sensors},
  journal = {Sens. Actuators, B Chemical},
  year = {2001},
  volume = {77},
  pages = {409-415},
}

@ARTICLE{Gressang_ieeetac75,
  author = {Gressang, R. and Lamont, G.},
  title = {Observers for systems characterized by semigroups},
  journal = {IEEE Transactions on Automatic Control},
  year = {1975},
  volume = {20},
  pages = {523-528},
}

@BOOK{Jonathan1998,
  title = {Graph theory and its applications},
  publisher = {CRC Press},
  year = {1998},
  author = {Jonathan Gross and Jay Yellen},
  address = {Boca Raton, Fl.},
}

@ARTICLE{norrlof_automatica01,
  author = {Gunnarsson, S. and Norrlof, M.},
  title = {On the design of ILC algorithms using optimization},
  journal = {Automatica},
  year = {2001},
  volume = {37},
  pages = {2011-2016},
  number = {12},
}

@INPROCEEDINGS{tanner2002A,
  author = {H.~G.~Tanner and G.~J.~Pappas and V.~Kumar},
  title = {Input-to-state stability on formation graphs},
  booktitle = {Proceedings of the IEEE International Conference on Decision and Control},
  year = {2002 },
  pages = {2439 - 2444},
  address = {Las Vegas, NV},
  month = {Dec.},
}

@ARTICLE{Malebranche:88,
  author = {H.~Malebranche},
  title = {Simultaneous state and
	 parameter estimation and location of sensors for distributed systems},
  journal = {International Journal of Systems Science},
  year = {1988},
  number = {8},
  page = {1387--1405},
  volumn = {19},
}

@INPROCEEDINGS{Haenggi02,
  author = {Haenggi, M. },
  title = {Mobile sensor-actuator networks: opportunities and challenges},
  booktitle = {Proceedings of the 7th IEEE International Workshop on
	 Cellular Neural Networks and Their Applications, 2002. (CNNA 2002)},
  year = {2002},
  pages = {283 -290},
  month = {July},
}

@MISC{photoreflector,
  author = {Hamamatsu},
  title = {{Photoreflector P5587, P5588}},
  howpublished = {\url{http://www.hamamatsu.com}},
  url = {http://www.hamamatsu.com},
}

@ARTICLE{han98,
  author = {Seok-Hee Han and Young-Hoon Kim and In-Joong Ha},
  title = {Iterative identification of state-dependent
	 disturbance torque for high-precision velocity control of servo motors},
  journal = {IEEE Trans. on Automatic Control},
  year = {1998},
  volume = {43},
  pages = {724--729},
  number = {5},
}

@ARTICLE{zhou26,
  author = {S. Hanaki and T. Nakamoto and T. Moriizumi},
  title = {Artificial odor-recognition system using
	 neural network for estimating sensory quantities of blended fragrance},
  journal = {Sens. Actuators, A. Physical},
  year = {1996},
  volume = {57},
  pages = {65-71},
}

@BOOK{Book00MulGeo,
  title = {Multiple View Geometry},
  publisher = {Cambridge University Press},
  year = {2000},
  author = {Richard Hartley and Andrew Zisserman},
  address = {Cambridge, UK},
  edition = {Second},
}

@ARTICLE{Richard97indefenseof8-pointalgorithm,
  author = {Richard I. Hartley},
  title = {In defense of 8-point algorithm},
  journal = {IEEE Transactions on Pattern Analysis and Machine Intelligence},
  year = {1997},
  volume = {19},
  pages = {580-593},
  number = {6},
  month = {June},
}

@INPROCEEDINGS{Heikkil97fourstepcameracalibration,
  author = {J. Heikkil and O. Silvn},
  title = {A four-step camera calibration procedure with implicit image correction},
  booktitle = {IEEE Computer Society Conference on Computer Vision and Pattern Recognition},
  year = {1997},
  pages = {1106-1112},
  address = {San Juan, Puerto Rico},
}

@ARTICLE{Janne00Geometric,
  author = {Janne Heikkila},
  title = {Geometric camera calibration using circular control points},
  journal = {IEEE Transactions on Pattern Analysis and Machine Intelligence},
  year = {2000},
  volume = {22},
  pages = {1066-1077},
  number = {10},
  month = {Oct.},
}

@INPROCEEDINGS{Janne96Calibration,
  author = {Janne Heikkila and Olli Silven},
  title = {Calibration procedure for short focal length off-the-shelf {CCD} cameras},
  booktitle = {Proceedings of 13th International Conference on Pattern Recognition},
  year = {1996},
  pages = {166-170},
  address = {Vienna, Austria},
}

@ARTICLE{Heo2005,
  author = {Nojeong Heo and Varshney, P.~K.},
  title = {Energy-efficient deployment of Intelligent Mobile sensor networks},
  journal = {IEEE Transactions on Man and CyberneticsSystems},
  year = {2005},
  volume = {Part A},
  pages = {78 - 92},
  month = {January},
}

@ARTICLE{pandit00ijc,
  author = {S. Hillenbrand and M. Pandit},
  title = {An iterative learning control with
	 reduced sampling rate for plants with variations of initial states},
  journal = {Int. J. of Control},
  year = {2000},
  volume = {73},
  pages = {882-889},
  number = {10},
}

@ARTICLE{TOMLABmanual2,
  author = {Kenneth Holmstrom},
  title = {The {TOMLAB} optimization environment in {M}atlab},
  journal = {Advanced Modeling and Optimization},
  year = {1999},
  volume = {1},
  number = {1},
}

@ARTICLE{TOMLABmanual1,
  author = {Kenneth Holmstrom and Mattias Bjorkman},
  title = {The {TOMLAB NLPLIB} toolbox for nonlinear programming},
  journal = {Advanced Modeling and Optimization},
  year = {1999},
  volume = {1},
  number = {1},
}

@INPROCEEDINGS{Hong2001,
  author = {Seong-Woo Hong and Shang-Woon Shin and Doo-Sung Ahn},
  title = {Formation control based on artificial intelligence for multi-agent coordination},
  booktitle = {Proceedings of the IEEE International Symposium on Industrial Electronics},
  year = {2001 },
  volume = {1 },
  pages = {429-434},
  month = {June},
}

@INPROCEEDINGS{Hong2001,
  author = {Seong-Woo Hong and Shang-Woon Shin and Doo-Sung Ahn},
  title = {Formation control based on artificial intelligence for multi-agent coordination},
  booktitle = {Proceedings of the IEEE International Symposium on Industrial Electronics },
  year = {2001 },
  volume = {1 },
  pages = {429-434},
  month = {June},
}

@INPROCEEDINGS{Hong2001,
  author = {Seong-Woo Hong and Shang-Woon Shin and Doo-Sung Ahn},
  title = {Formation control based on artificial intelligence for multi-agent coordination},
  booktitle = {ISIE 2001. IEEE International Symposium on Industrial Electronics, 2001( Proceedings)},
  year = {2001 },
  volume = {1 },
  pages = {429-434},
  month = {June},
}

@ARTICLE{hor98,
  author = {P. J. Hor and Z. Q. Zhu and D. Howe and J. Rees-Jones},
  title = {Minimization of cogging force in a linear permanent-magnet motor},
  journal = {IEEE Trans. on Magnetics},
  year = {1998},
  volume = {34},
  pages = {3544--3547},
  number = {5},
}

@INPROCEEDINGS{Howard2002,
  author = {Andrew Howard and Maja J Mataric and Gaurav S Sukhatme},
  title = {Mobile Sensor Network Deployment using Potential
	 Fields: A Distributed, Scalable Solution to the Area Coverage Problem},
  booktitle = {Proceedings of the 6th
	 International Symposium on Distributed Autonomous Robotics Systems},
  year = {2002},
  address = {Fukuoka, Japan},
  month = {June},
}

@INPROCEEDINGS{packetdropping,
  author = {Shawn Hu and Wei-yong Yan},
  title = {Stability of {N}etwored {C}ontrol {S}ystems: {A}nalysis of {P}acket {D}ropping},
  booktitle = {Proceedings of the 8th
	 International Conference on Control, Automation, Robotics and Vision},
  year = {2004},
  pages = {304--309},
  address = {Kunming, China},
  month = {Dec},
  keywords = {packet loss, 01/23/2005},
}

@INPROCEEDINGS{hull00,
  author = {R. Hull and C. Ham. and R. Johnson.},
  title = {Systematic Design of Attitude Control Systems for a
	 Satellite in a Circular Orbit with Guaranteed Performance and Stability},
  booktitle = {AIAA/USU Conference on Small Satellite},
  year = {2000},
  address = {Utah},
}

@INPROCEEDINGS{Hussein2003,
  author = {Hussein, I.I. and Scheeres, D.J. and Hyland, D.C.},
  title = {Control of a satellite formation for imaging applications},
  booktitle = {Proceedings of the 2003 American Control Conference},
  year = {2003 },
  volume = {1 },
  pages = {308-313},
  month = {June},
}

@INPROCEEDINGS{WPT_Hu2002,
  author = {S. Hussmann and P.~A. Hu},
  title = {A Micro-computer Controlled ICPT Power
	 Pick-up and Its EMC Considerations for Moving Sensor Applications},
  booktitle = {Proceedings of PowerCon},
  year = {2002},
  organization = {IEEE},
}

@ARTICLE{Seth96visualservoing,
  author = {Seth Hutchinson and Gregory D. Hager and Peter I. Corke},
  title = {A tutorial on visual servo control},
  journal = {IEEE Transactions on Robotics and Automation},
  year = {1996},
  volume = {12},
  pages = {651-670},
  number = {5},
  month = {Sept.},
}

@ARTICLE{pfpp92,
  author = {Hwang, Y. K. and Ahuja, N.},
  title = {A potential field approach to path planning},
  journal = {IEEE Transactions on Robotics and Automation},
  year = {1992},
  volume = {8},
  pages = {23-32},
  number = {1},
}

@ARTICLE{pfpp92,
  author = {Hwang, Y.~K. and Ahuja, N.},
  title = {A potential field approach to path planning},
  journal = {IEEE Transactions on Robotics and Automation},
  year = {1992},
  volume = {8},
  pages = {23-32},
  number = {1},
}

@ARTICLE{antiwindup,
  author = {Hwi-Beom Shin,},
  title = {New antiwindup pi controller for variable-speed motor drivers},
  journal = {IEEE Trans. of Industrial Electronics},
  year = {1998},
  volume = {45},
  pages = {445-450},
  number = {3},
  month = {Jun},
}

@MISC{MICA2,
  author = {Crossbow Inc.},
  title = {MICA2 Series (MPR4x0)},
  url = {http://www.xbow.com/Products/productsdetails.aspx?sid=72},
}

@MISC{MICAz,
  author = {Crossbow Inc.},
  title = {MICAz ZigBee Series (MPR2400)},
  url = {http://www.xbow.com/Products/productsdetails.aspx?sid=101},
}

@MISC{motes,
  author = {Intel},
  title = {Intel's Mote concept},
  howpublished = {{\tt http://www.intel.com/research/exploratory/motes.htm}},
  year = {2002},
}

@ARTICLE{zhou3,
  author = {H. Ishida and A. Kobayashi and T. Nakamoto and T. Moriizumi},
  title = {Three-dimensional odor compass},
  journal = {IEEE Trans. Robot. Autom.},
  year = {1999},
  volume = {15},
  pages = {251-257},
}

@ARTICLE{ishihara92,
  author = {T. Ishihara and K. Abe and H. Takeda},
  title = {A discrete-time design of robust iterative learning controllers},
  journal = {IEEE Trans. on Systems, Man and Cybernetics},
  year = {1992},
  volume = {22},
  pages = {74--84},
  number = {1},
}

@INPROCEEDINGS{KorbiczSensors94,
  author = {J.~Korbicz and D.~Uci\'nski},
  title = {Sensors allocation for state and parameter estimation of of distributed systems.},
  booktitle = {IUTAM symposium},
  year = {1994},
  editor = {W.~Gutkowsi and J.~Bauer},
  pages = {178-189},
  address = {Zakopane, Polan},
  month = {31 Aug.-3 Sep.},
  publisher = {Springer-Verlag},
  mynote = {Ucinski 135:},
}

@BOOK{intervalbook1,
  title = {Applied Interval Analysis, with
	 Examples in Parameter and State Estimation, Robust Control and Robotics},
  publisher = {Springer-Verlag},
  year = {2001},
  author = {Luc Jaulin and Michel Kieffer and Olivier Didrit and Eric Walte},
  address = {New York},
  edition = {ISBN 1-85233-219-0},
}

@BOOK{Jai_JWbook88,
  title = {Sensors and Controls in the Analysis of Distributed Systems},
  publisher = {John Wiley},
  year = {1988},
  author = {A. El Ja{\"i} and A. J. Pritchard},
  address = {New York},
}

@ARTICLE{Jai_ijsa93,
  author = {A. El Ja{\"i} and Simon, M.~C. and Zerrik, E. },
  title = {Regional observability and sensors structures},
  journal = {International Journal of Sensors and Actuators},
  year = {1993},
  volume = {39},
  pages = {95-102},
}

@ARTICLE{Jai_ijc95,
  author = {A. El Ja{\"i} and Simon, M.~C. and Zerrik, E. and Pritchard, A. J.},
  title = {Regional controllability of distributed parameter systems},
  journal = {International Journal of Control},
  year = {1995},
  volume = {62},
  pages = {1351-1365},
}

@ARTICLE{Jai_ijamcs93,
  author = {A. El Ja{\"i} and El Yacoubi},
  title = {On the number of actuators in a parabolic system },
  journal = {Int. J. of Applied Mathematics and Computer Science},
  year = {1993},
  volume = {3},
  pages = {673--686},
  number = {4},
  mynote = {good topic. need to see.},
}

@ARTICLE{Jai_ieeetac95,
  author = {A. El Ja{\"i} and Zerrik, E. and Simon, M.~C. and Amouroux, M.},
  title = {Regional observability of a thermal process},
  journal = {IEEE Transactions on Automatic Control},
  year = {1995},
  volume = {40},
  pages = {518 - 521},
  number = {3},
  month = {March},
}

@ARTICLE{jeffrey95,
  author = {D. J. Jeffrey and Robert M. Corless and D. E. G. Hare and D. E. Knuth},
  title = {Sur l'inversion de $y^a e^y$ au moyen des nombres de {S}tirling associes},
  journal = {Comptes Rendus Acad. Sci. Paris, t. 320, Serie I},
  year = {1995},
  pages = {1449--1452},
}

@ARTICLE{jeffrey96,
  author = {D. J. Jeffrey and D. E. G. Hare and Robert M. Corless },
  title = {Unwinding the branches of the {L}ambert {$W$} Function},
  journal = {Math. Scientist},
  year = {1996},
  volume = {21},
  pages = {1--7},
}

@ARTICLE{JeremicLandmine,
  author = {A. Jeremic and A. Nehorai},
  title = {Landmine detection and localization using chemical sensor array processing},
  journal = ieeetsp,
  year = {2000},
  volume = {sp},
  pages = {1295-1305},
  number = {48},
  month = may,
  url = {http://www.ece.uic.edu/~nehorai/chemarray.html},
}

@ARTICLE{JeremicDesign,
  author = {A. Jeremic and A. Nehorai},
  title = {Design of chemical sensor arrays for monitoring disposal sites on the ocean floor},
  journal = {IEEE J. Oceanic Eng.},
  year = {1998},
  volume = {23},
  pages = {334-343},
  url = {http://www.ece.uic.edu/~nehorai/chemarray.html},
}

@INPROCEEDINGS{Jin2003,
  author = {Zhipu Jin and Murray, R.~M.},
  title = {Stability and performance analysis with double-graph model of vehicle formations},
  booktitle = {Proceedings of the 2003 American Control Conference },
  year = {2003 },
  volume = {3 },
  pages = {2223-2228},
  month = {June},
}

@ARTICLE{lili2002,
  author = {Lili Ju and Qiang Du and Max Gunzburger},
  title = {Probabilistic methods for
	 centroidal Voronoi tessellations and their parallel implementations},
  journal = {Parallel Comput.},
  year = {2002},
  volume = {28},
  pages = {1477--1500},
  number = {10},
  doi = {http://dx.doi.org/10.1016/S0167-8191(02)00151-5},
  issn = {0167-8191},
  keywords = {centroidal voronoi tessellation application},
  publisher = {Elsevier Science Publishers B. V.},
}

@MISC{mark3,
  author = {Junun},
  title = {{Mark III Robot Store}},
  howpublished = {\url{http://www.junun.org/MarkIII/Info.jsp?item=2}},
  url = {http://www.junun.org/MarkIII/Info.jsp?item=2},
}

@OTHER{nagy01nd,
  author = {Kalm\'ar-Nagy, T. and St\'ep\'n, G. and Moon, F.~C.},
  journal = {Nonlinear Dynamics: An Int. J. of Nonlinear Dynamics and Chaos in Engineering Systems},
  pages = {121-142},
  title = {Subcritical Hopf Bifurcation in the Delay Equation Model for Machine Tool Vibrations},
  volume = {26},
  year = {2001},
}

@INPROCEEDINGS{KanACCV02M,
  author = {Kenichi Kanatani},
  title = {Model Selection for Geometric Inference},
  booktitle = {The 5th Asian Conference on Computer Vision},
  year = {2002},
  month = {Jan.},
}

@ARTICLE{karapanagioti2001,
  author = {H. K. Karapanagioti and As. Atalay},
  title = {Laboratory Evaluation of Ash Meterials As Acid-distributed Land Amendments},
  journal = {Global Nest: the International Journal},
  year = {2001},
  volume = {3},
  pages = {11--21},
  number = {1},
}

@INPROCEEDINGS{Katsoulas01scanlineapproximation,
  author = {D.~K. Katsoulas and D.~I. Kosmopoulos},
  title = {An efficient depalletizing system based on 2{D} range imagery},
  booktitle = {Proceedings of the IEEE International Conference on Robotics and Automation},
  year = {2001},
  pages = {305-312},
  organization = {IEEE},
}

@INPROCEEDINGS{rampfriction,
  author = {Rafael Kelly and Jes{\'u}s Llamas},
  title = {Determination of viscous and
	 {C}oulomb friction by using velocity responses to torque ramp inputs},
  booktitle = {Proceedings of the 1999 IEEE International Conference on Robotics \& Automation},
  year = {1999},
  pages = {1740--1745},
  address = {Detroit, Michigan},
  month = {May},
  keywords = {friction compensation},
}

@ARTICLE{zhou14,
  author = {M.~A. El Khakani and R. Dolbec and A.~M. Serventi and M.~C. Horrillo and M.
	 Trudeau and R.~G. Saint-Jacques and D.~G. Rickerby and I. Sayago},
  title = {Pulsed laser deposition of nanostructured tin oxide films for gas sensing applications},
  journal = {Sens. Actuators, B. Chemical},
  year = {2001},
  volume = {77},
  pages = {383-388},
}

@INPROCEEDINGS{KhapalovObservability,
  author = {A. Yu Khapalov},
  title = {Observability of Paralobic Systems with Scanning Sensors},
  booktitle = cdc,
  year = {1992},
  address = {Tucson, AZ, USA},
  month = dec,
  file = {yqchen_jul_06_03.pdf},
  mynote = {Construct a trajectory of sensors to ensure continuouse observability.
	 Proposed the concept strong observability and continuous observability},
}

@INPROCEEDINGS{maziar2004,
  author = {Maziar E. Khatir and Edward J. Davison},
  title = {Decentralized Control of a Large Platoon of Vehicles Using Non-Identical Controllers},
  booktitle = {Proceeding of the 2004 American Control conference},
  year = {2004 },
  pages = {5344 - 5349},
  address = {Boston, Massachusetts},
  month = {June},
}

@ARTICLE{Kitamura_eej72,
  author = {Kitamura, S. and Sakairi, S. and Nishimura, M.},
  title = {Observer for distributed-parameter diffusion systems},
  journal = {Electrical Engineering in Japan},
  year = {1972},
  volume = {92},
  pages = {142-149},
}

@ARTICLE{WPT_ieee_tia95,
  author = {K.~W. Klontz and D.~M. Divan and D.~W. Novotny and R.~D. Lorenz},
  title = {Contactless power delivery system for mining applications},
  journal = {IEEE Trans. on Industry Applications},
  year = {1995},
  volume = {31},
  pages = {27-35},
  number = {1},
  month = {Jan.},
}

@INPROCEEDINGS{Kobayashi2003,
  author = {Kobayashi, F. and Tomita, N. and Kojima, F.},
  title = {Re-formation of mobile robots using genetic algorithm and reinforcement learning},
  booktitle = {Proc. of the SICE 2003 Annual Conference, Volume: 3 },
  year = {2003 },
  pages = {2902-2907},
  month = {Aug.},
}

@ARTICLE{koh03,
  author = {Chang Seop Koh and Jin-Soo Seol},
  title = {New cogging torque reduction method for brushless permanent-magnet motors},
  journal = {IEEE Trans. on Magnetics},
  year = {2003},
  volume = {39},
  pages = {3503--3506},
  number = {6},
}

@ARTICLE{zhou11,
  author = {M. Koudelka-Hep and P.~D. {van der Wal}},
  title = {Microelectrode sensors for biomedical and environment applications},
  journal = {Electrochim. Acta},
  year = {2000},
  volume = {45 },
  pages = {2437-2441},
}

@BOOK{achen03,
  title = {Decision Analysis: Introductory Lectures on Choices Under Uncertainty},
  publisher = {Addison-Wesley},
  year = {1996},
  author = {Kouvelis, P. and Yu, G.},
  address = {Reading, MA.},
}

@ARTICLE{Krikelis80,
  author = {N. J. Krikelis},
  title = {State feedback integral control with ÅintelligentÅ integrators},
  journal = {Int. J. of Control},
  year = {1980},
  volume = {32},
  pages = {465Å473 },
  number = {3},
}

@INPROCEEDINGS{krishnamurthy01,
  author = {P. Krishnamurthy and F. Khorrami},
  title = {Adaptive control of stepper motors without current measurements},
  booktitle = {Proceedings of the American Control Conference},
  year = {2001},
  pages = {1563-1568},
  address = {Arlington, VA},
  month = {June 25-27},
  organization = {AACC},
}

@INPROCEEDINGS{kubo86,
  author = {Tomoaki Kubo and George Anwar and Masayoshi Tomizuka},
  title = {Application of nonlinear friction compensation to robot arm control},
  booktitle = {Proceedings of the 1986 IEEE International Conference. on Robotics and Automation},
  year = {1986},
  pages = {722 - 727},
  month = {April},
}

@ARTICLE{ieee_sp_survey02,
  author = {Kumar, S. and Feng Zhao and Shepherd, D.},
  title = {Collaborative signal and information processing in microsensor networks},
  journal = {IEEE Signal Processing Magazine},
  year = {2002},
  volume = {19},
  pages = {13-14},
  number = {2},
  month = {March},
}

@INPROCEEDINGS{lafferriere2004,
  author = {G. Lafferriere and J. Caughman and A. Williams},
  title = {Graph Theoretic Methods in the Stability of vehicle Formations},
  booktitle = {Proceedings of the IEEE American Control Conference},
  year = {2004 },
  pages = {3729 - 3734},
  address = {Boston, Massachusetts},
  month = {June},
}

@ARTICLE{lambert1758,
  author = {J.~H. Lambert },
  title = {Observationes Varies in Mathesin Puram},
  journal = {Acta Helvetica, Physico-mathematico-anatomico-botanico-medica},
  year = {1758},
  volume = {3},
  pages = {128--168},
  number = Basel,
}

@PHDTHESIS{Undistortionchapter,
  author = {Charles Lee},
  title = {Radial Undistortion and Calibration on An Image Array},
  school = {MIT},
  year = {2000},
}

@INPROCEEDINGS{Lee2003,
  author = {Lee, D. and Li, P.Y.},
  title = {Formation and maneuver control of multiple spacecraft},
  booktitle = {Proceeding of the American Control Conference},
  year = {2003 },
  volume = {1 },
  pages = {278-283},
  month = {June},
}

@ARTICLE{Leejj93,
  author = {Lee, J.-J. and Lee, J.-W. },
  title = {Design of iterative learning controller with {VCR} servo system},
  journal = {IEEE Trans. on Consumer Electronics},
  year = {1993},
  volume = {39},
  pages = {13 -24 },
  number = {1},
  month = {Feb.},
}

@MISC{zigbee1,
  author = {Gary Legg},
  title = {ZigBee: Wireless Technology for Low-Power Sensor Networks},
  howpublished = {[http://www.techonline.com/community/tech\_topic/36561]},
}

@ARTICLE{Tsai88Techniques,
  author = {Reimar K. Lenz and Roger Y. Tsai},
  title = {Techniques for calibration of the scale factor
	 and image center for high accuracy 3-{D} machine vision metrology},
  journal = {IEEE Transactions on Pattern Analysis and Machine Intelligence},
  year = {1988},
  volume = {10},
  pages = {713-720},
  number = {5},
  month = {Sept.},
}

@ARTICLE{xiangyangli2003,
  author = {Xiangyang Li and Pengjun Wan and Ophir Frieder},
  title = {Coverage in Wireless Ad Hoc Sensor Networks},
  journal = {IEEE Transactions on computers},
  year = {2003},
  volume = {52},
  number = {6},
  month = {June},
}

@INPROCEEDINGS{chen-iros05b,
  author = {J. Liang and Y.~Q. Chen},
  title = {{{\tt Diff-MAS2D} and {\tt Wave-MAS2D}}:
	 a Simulation Platform for Measurement Scheduling and Controls in
	 Distributed Parameter Systems with Moving Sensors and Moving Actuators},
  booktitle = {Proceedings of the IEEE/RSJ Int. Conf. on Intelligent Robots and Systems (IROS05)},
  year = {2005},
  pages = {(submitted)},
  address = {Edmonton, Alberta, Canada},
  month = {Aug.},
}

@INPROCEEDINGS{liang:new03,
  author = {J. Liang and YangQuan Chen and Baozhu Guo},
  title = {A New Boundary Control Method for Beam Equation
	 With Delayed Boundary Measurement Using Modified Smith Predictors},
  booktitle = {Proceedings of the 42nd IEEE Conference on Decision and Control},
  year = {2003},
  pages = {809--814},
  address = {Maui, Hawaii, USA},
  month = {Dec.},
}

@TECHREPORT{JsliangDiffMas1D,
  author = {Jingsong Liang and YangQuan Chen},
  title = {{Diff-MAS1D} (version 0.9.1) User's Manual: A simulation
	 platform for controlling distributed parameter systems (diffusion)
	 with networked movable actuators and sensors ({MAS}) in {1D} domain},
  institution = {CSOIS, Utah State University},
  year = {2004},
  number = {USU-CSOIS-TR-04-04},
  address = {Logan, Utah, USA},
}

@TECHREPORT{JsliangDiffMas2D,
  author = {Jingsong Liang and YangQuan Chen},
  title = {{Diff-MAS2D} (version 0.9) User's Manual: A simulation
	 platform for controlling distributed parameter systems (diffusion)
	 with networked movable actuators and sensors ({MAS}) in {2D} domain},
  institution = {CSOIS, Utah State University},
  year = {2004},
  number = {USU-CSOIS-TR-04-03},
}

@TECHREPORT{JsliangWaveMas1D,
  author = {Jinsong Liang and YangQuan Chen},
  title = {{Wave-MAS1D} (version 0.8) - User's Manual - A simulation
	 platform for controlling distributed parameter systems (wave equation)
	 with networked movable actuators and sensors ({MAS}) in {1D} domain},
  institution = {CSOIS, Utah State University},
  year = {2004},
  number = {USU-CSOIS-TR-04-06},
  address = {Logan, Utah, USA},
}

@ARTICLE{liao00,
  author = {Teh-Lu Liao and Tsun-I Chien},
  title = {An exponentially stable adaptive friction compensator},
  journal = {IEEE Trans. on Automatic Control},
  year = {2000},
  volume = {45},
  pages = {977-980},
  number = {5},
}

@INPROCEEDINGS{zhou24,
  author = {A~J. Lilienthal and M.~R. Wandel and U. Weimar and A. Zell},
  title = {Sensing Odour Sources in
	 Indoor Environments Without a Constant Airflow by a Mobile Robot},
  booktitle = {Proceedings of the IEEE
	 International Conference on Robotics and Automation (ICRA 2001)},
  year = {2001},
  pages = {4005-4010},
}

@INPROCEEDINGS{lin2004,
  author = {Zhiyun Lin and Bruce Francis and Manfredi Maggiore},
  title = {Feasibility for formation stabilizaiton of Multiple Unicycles},
  booktitle = {Proceedings of IEEEI Conference on Decision and Control},
  year = {2004 },
  pages = {1796-1801},
  address = {tlantis, Paradise Island, Bahamas},
  month = {Dec.},
}

@INPROCEEDINGS{liu99,
  author = {Pengtao Liu and Jianguo Zhu},
  title = {Analysis of a Linear Reluctance Permanent Magnet Motor},
  booktitle = {IEEE Internatonal Conference on Power Electronics and Drive Systems},
  year = {1999},
  pages = {734-739},
  address = {Hong Kong},
  month = {July},
}

@INPROCEEDINGS{Liu2001,
  author = {Xiangheng Liu and Goldsmith, A. and Mahal, S.~S. and Hedrick, J.~K.},
  title = {Effects of communication delay on string stability in vehicle platoons},
  booktitle = {Proceedings of IEEE Intelligent Transportation Systems},
  year = {2001},
  pages = {625 - 630},
  month = {Aug.},
}

@INPROCEEDINGS{loizou2003,
  author = {Savvas G. Loizou and Herbert G. Tanner and Vijay Kumar and Kostas J. Kyriakopoulos},
  title = {Closed loop Motion Planning and Control for Mobile Rboots in Uncertain Environments},
  booktitle = {Proceedings of IEEE International Conference on Decision and Control},
  year = {2003 },
  pages = {2926 -- 2931},
  address = {Maui, Hawaii},
  month = {Dec.},
}

@TECHREPORT{motetrack,
  author = {Konrad Lorincz and Matt Welsh},
  title = {A Robust, Decentralized Approach to RF-Based Location Tracking},
  institution = {Harvard University},
  year = {2004},
  number = {TR-19-04},
}

@BOOK{Bao-Zhu_book99,
  title = {Stability and Stabilization of Infinite Dimensional Systems With Applications},
  publisher = {Springer Verlag},
  year = {1999},
  author = {Zheng-Hua Luo and Bao-Zhu Guo and Omer Morgul},
  series = {Communications and Control Engineering Series},
  month = {August},
}

@BOOK{cfc,
  title = {Quantitative feedback theory: fundamental and applications},
  publisher = {Marcel Dekker, Inc.},
  year = {1999},
  editor = {Neil Munro},
  author = {Boris J. Lurie and Paul J. Enright},
  volume = {3},
  series = {Control Engineering Series of Reference Books and Textbooks},
  address = {New York},
}

@PHDTHESIS{PatanPhD,
  author = {M.~Patan},
  title = {Optimal observation strategies for parameter estimation of distributed systems},
  school = {University of Zielona G{\`o}ra},
  year = {2004},
  type = {PhD thesis},
  address = {Zielona G{\`o}ra},
}

@MISC{Lilicalreport02,
  author = {Lili Ma},
  title = {Camera calibration: a {USU} implementation},
  howpublished = {CSOIS Technical Report, ECE Department,
	 Utah State University, {\tt http://arXiv.org/abs/cs.CV/0307072}},
  year = {May, 2002},
}

@MISC{Lili01connectedcomponentlabeling,
  author = {Lili Ma},
  title = {Localization using yellow line},
  howpublished = {CSOIS Technical Report,
	 Department of Electrical and Computer Engineering, Utah State University},
  year = {2001},
}

@INPROCEEDINGS{lili02visualservo,
  author = {Lili Ma and Matthew Berkemeier and YangQuan Chen and Morgan Davidson and Vikas Bahl},
  title = {Wireless visual servoing for {ODIS}: an under car inspection mobile robot},
  booktitle = {Proceedings of the 15th IFAC Congress},
  year = {2002},
  pages = {21-26},
  organization = {IFA},
}

@MISC{LiliSub2IT03geometric,
  author = {Lili Ma and YangQuan Chen and Kevin L. Moore},
  title = {A Family of Simplified Geometric Distortion Models for Camera Calibration},
  howpublished = {{\tt http://} {\tt arxiv.org/} {\tt abs/cs.CV/0308003}},
  year = {2003},
}

@MISC{LiliSub2IT03Piece,
  author = {Lili Ma and YangQuan Chen and Kevin L. Moore},
  title = {Analytical Piecewise Quadratic Radial Distortion Model for Camera Calibration},
  howpublished = {Submitted for Journal
	 Publication, {\tt http://} {\tt arxiv.} {\tt org/} {\tt abs/cs.CV/0307051}},
  year = {2003},
}

@ARTICLE{bagus_ijc00,
  author = {Bagus Mahawan and Zheng-Hua Luo},
  title = {Repetitive control of tracking systems with time-varying periodic references},
  journal = {Int. J. of Control},
  year = {2000},
  volume = {73},
  pages = {1-10 },
  number = {1},
}

@INPROCEEDINGS{Mainardi_cdc97,
  author = {Mainardi, F. and Paradisi, P.},
  title = {A model of diffusive waves in viscoelasticity based on fractional calculus},
  booktitle = {Proceedings of the 36th IEEE Conference on Decision and Control},
  year = {1997},
  pages = {4961-4966},
  month = {Dec.},
}

@BOOK{ManolahisDSP,
  title = {Statistical and Adaptive Signal Processing},
  publisher = {Mc Graw Hill},
  year = {2000},
  author = {Dimitris G. Manolakis and Vinary K. Ingle and Stephen M. Kogon},
  isbn = {0071166602},
}

@ARTICLE{zhou28,
  author = {S. Marco and A. Ortega and A. Pardo and J. Samitier},
  title = {Gas identification with {T}in {O}xide Sensor
	 Array and Self-Organizing Maps: Adaptive Correction of Sensor Drifts},
  journal = {IEEE Trans. Intrument. Meas.},
  year = {1998},
  volume = {47},
  pages = {316--321},
}

@BOOK{marshall79,
  title = {Control Time-Delay Systems},
  publisher = {IEE},
  year = {1979},
  author = {J. E. Marshall},
  volume = {10},
  series = {Control Engineering Series},
  address = {London},
}

@BOOK{marshall92,
  title = {Time Delay Systems, Stability and Performance criteria with applications},
  publisher = {Ellis Horwood Limited},
  year = {1992},
  author = {J. E. Marshall and H. Gorecki and K. Walton and A. Korytowski },
  address = {West Sussex, England},
}

@INPROCEEDINGS{Joshua2004,
  author = {Joshua A. Marshall and Mireille E. Broucke and Bruce A. Francis},
  title = {Unicycles in Cyclic Pursuit},
  booktitle = {Proceeding of the 2004 American Control conference},
  year = {2004},
  pages = {5344 - 5349},
  address = {Boston, Massachusetts},
  month = {June},
}

@BOOK{martin95,
  title = {Process control - designing processes and control systems for dynamic performance},
  publisher = {McGraw-Hill, Inc.},
  year = {1995},
  author = {Thomas E. Martin},
  series = {McGraw-Hill Chemical Engineering Series},
  address = {New York},
}

@ARTICLE{MasoudConstrain,
  author = {Samer A. Masoud and Ahmad A. Masoud},
  title = {Constrained Motion Control Using Vector Potential Fields},
  journal = ieeesmc,
  year = {2000},
  volume = {30},
  pages = {251-272},
  number = {3},
  month = may,
}

@INPROCEEDINGS{McMickellMicabot03,
  author = {McMickell, M.B. and Goodwine, B. and Montestruque, L.A.},
  title = {MICAbot: a robotic platform for large-scale distributed robotics},
  booktitle = {IEEE International Conference on Robotics and Automation, 2003. Proceedings. ICRA '03},
  year = {2003},
  volume = {2},
  pages = {1600 - 1605},
  address = {Taipei, Taiwan, R.O.C.},
}

@INPROCEEDINGS{MICAbot,
  author = {Mb. Mcmickell and Bill Goodwine and L. A. Montestruque},
  title = {MICAbot: A Robotic Platform for Large-Scale Distributed Robotics},
  booktitle = {in Proc. of the IEEE Int. Conf. on Robotics and Automation},
  year = {2003},
}

@INPROCEEDINGS{MICAbot,
  author = {Mb. Mcmickell and Bill Goodwine and L. A. Montestruque},
  title = {MICAbot: A Robotic Platform for Large-Scale Distributed Robotics},
  booktitle = {Proc. of the IEEE Int. Conf. on Robotics and Automation},
  year = {2003},
}

@ARTICLE{WPT_ieee_mvm02,
  author = {James O. McSpadden and John C. Mankin},
  title = {Space solar power programs and microwave wireless power transmission technology},
  journal = {IEEE Microwave Magazine},
  year = {2002},
  pages = {46-57},
  month = {Dec.},
}

@INPROCEEDINGS{Meguerdichian2001,
  author = {Meguerdichian, S. and Koushanfar, F. and Potkonjak, M. and Srivastava, M.B.},
  title = {Coverage problems in wireless ad-hoc sensor networks},
  booktitle = {Proceedings of IEEE INFOCOM},
  year = {2001},
  pages = {1380--1387},
  month = {April},
}

@ARTICLE{hosa91,
  author = {Mendel, J.~M.},
  title = {Tutorial on higher-order statistics (spectra) in signal
	 processing and system theory: Theoretical results and some applications},
  journal = {Proc. IEEE},
  year = {1991},
  volume = {79},
  pages = {278--305},
}

@ARTICLE{Mendel91HOS,
  author = {Jerry M. Mendel},
  title = {Tutorial on Higher-Order Statistics (Spectra) in Signal
	 Processing and System Theory: Theoretical Results and Some Applications},
  journal = {Proceedings of the IEEE},
  year = {1991},
  volume = {79},
  pages = {278-305},
  number = {3},
  month = {Mar.},
}

@MISC{Rudyreport,
  author = {R. J. Mierlo},
  title = {{ODIS} and the use of computer vision},
  howpublished = {CSOIS Technical Report,
	 Department of Electrical and Computer Engineering, Utah State University},
  year = {2001},
}

@INPROCEEDINGS{Monteiro2002,
  author = {Monteiro, S. and Bicho, E.},
  title = {A dynamical systems approach to behavior-based formation control},
  booktitle = {ICRA '02. IEEE International Conference on Robotics and Automation, 2002( Proceedings)},
  year = {2002 },
  volume = {3 },
  pages = {2606-2611},
  month = {May},
}

@INPROCEEDINGS{klmifac04,
  author = {K. Moore and Y. Chen},
  title = {Model-based approach to characterization of
	 diffusion processes via distributed control of actuated sensor networks},
  booktitle = {IFAC Symposium of Telematics Applications in
	 Automation and Robotics, Helsinki University of Technology Espoo, Finland},
  year = {2004},
}

@INPROCEEDINGS{odis_spie01,
  author = {Moore, K. and Flann, N. and Rich, S. and Frandsen, M. and Chung,
	 Y. and Martin, J. and Davidson, M. and Maxfield, R. and Wood, C.},
  title = {Implementation of an Omni-directionsl Robotic Inspection System ({ODIS})},
  booktitle = {Proc. of SPIE Conf. on Robotic and Semi-Robotic Ground Vehicle Tech.},
  year = {2001},
  address = {Orlando, FL.},
  month = may,
  organization = {SPIE},
}

@ARTICLE{moore_csm,
  author = {K. L. Moore and N. S. Flann},
  title = {A six-wheeled omnidirectional autonomous mobile robot},
  journal = ics,
  year = {2000},
  volume = {20},
  pages = {53-66},
  number = {6},
  month = Dec,
}

@INPROCEEDINGS{moore_nds00,
  author = {K.~L. Moore},
  title = {A matrix fraction appraoch to higher-order iterative
	 learning control: 2-{D} dynamics through repetition-domain filtering},
  booktitle = {Proc. of the second International Workshop on Multidimensional (ND) Systems},
  year = {2000},
  pages = {99-104},
  address = {Czocha Castle, Poland},
  month = {June 27 - 30},
}

@INPROCEEDINGS{moore_ifac02,
  author = {K.~L. Moore and YangQuan Chen},
  title = {On monotonic convergence of high order iterative learning update laws},
  booktitle = {Invited Session on {\em High-order
	 Iterative Learning Control} at The 15-th IFAC Congress (accepted) },
  year = {2002},
  pages = {1-6},
  address = {Barcelona, Spain},
  month = {July 21-26 },
  organization = {IFAC},
}

@MISC{Moore_whitepaper0303,
  author = {Kevin L. Moore},
  title = {Coordination and Control of Distributed Networks of Actuated Sensors -- A White Paper},
  howpublished = {Technical Report, Center for
	 Self-Organizing and Intelligent Systems (CSOIS), Utah State University, \ {\tt
	 http://www.engineering.usu.edu/ece/faculty/moorek/mooreweb.html}},
  month = {March},
  year = {2003},
}

@MISC{csois_history,
  author = {Kevin L. Moore},
  title = {The history of the {C}enter for {S}elf-{O}rganizing
	 and {I}ntelligent {S}ystems (CSOIS), {U}tah {S}tate {U}niversity},
  howpublished = {{\tt http://www.csois.usu.edu/about/history/}},
  year = {2002},
}

@MISC{csois_technology,
  author = {Kevin L. Moore},
  title = {Omni-directional vehicle ({ODV}) technology of the {C}enter for {S}elf-{O}rganizing
	 and {I}ntelligent {S}ystems (CSOIS), {U}tah {S}tate {U}niversity},
  howpublished = {{\tt http://www.csois.usu.edu/technology/}},
  year = {2002},
}

@INPROCEEDINGS{MECH2K3,
  author = {Kevin L. Moore and YangQuan Chen},
  title = {Spatial-Based ILC for Motion Control Applications},
  booktitle = {Proc. of the MECH2K3: Second International Congress on Mechatronics},
  year = {2003},
  address = {Austria},
  month = {July},
  organization = {{\tt http://www.mechanik.tu-graz.ac.at/mech2k3/}},
}

@INPROCEEDINGS{moore_chen_cdc02,
  author = {Kevin L. Moore and YangQuan Chen},
  title = {A Separative High-order
	 Framework for Monotonic Convergent Iterative Learning Controller Design},
  booktitle = {Submitted to the 40th IEEE Conference on Decision and Control},
  year = {2002},
  pages = {1-7},
  address = {Las Vegas, NE, USA},
  month = {Dec.},
  organization = {IEEE},
}

@ARTICLE{moore_chen_automatica01,
  author = {Kevin L. Moore and YangQuan Chen and Vikas Bahl},
  title = {Monotonically Convergent Iterative Learning Control for Linear Discrete-Time Systems},
  journal = {for submission to Automatica},
  year = {2001},
  pages = {1--16},
  month = {July},
}

@INPROCEEDINGS{spie2004_1,
  author = {Kevin L. Moore and YangQuan Chen and Zhen Song},
  title = {Diffusion based path planning in
	 mobile actuator-sensor networks(MAS-net) - some preliminary results},
  booktitle = {Proc. of SPIE Conf. on Intelligent Computing:
	 Theory and Applications II, part of SPIEÅs Defense and Security},
  year = {2004},
  address = {Orlando, FL., USA},
  month = {April},
  organization = {SPIE},
}

@INPROCEEDINGS{MooreChen04,
  author = {Kevin~L. Moore and Yang~Quan Chen},
  title = {Model-based approach to characterization of
	 diffusion processes via distributed control of actuated sensor networks },
  booktitle = {The 1st IFAC Symposium on Telematics Applications in Automation and Robotics},
  year = {2004},
  address = {Helsinki University of Technology Espoo, Finland},
  month = {June},
  organization = {IFAC},
}

@BOOK{Richard94robotics,
  title = {A Mathematical Introduction to Robotic Manipulation},
  publisher = {CRC Press},
  year = {1994},
  author = {Richard M. Murray and Zexiang Li and S. Shankar Sastry},
  address = {Boca Raton},
}

@ARTICLE{zhou4,
  author = {T. Nakamoto and H. Ishida and T. Moriizumi},
  title = {An odor compass for localizing an odor source},
  journal = {Sensors and Actuators B},
  year = {2001},
  volume = {35-36},
  pages = {32-36},
}

@ARTICLE{zhou23,
  author = {T. Nakamoto and H. Ishida and T. Moriizumi},
  title = {A Sensing System for Odor Plumes},
  journal = {Analytical Chem. News \& Features},
  year = {1999},
  volume = {1},
  pages = {531-537},
}

@INPROCEEDINGS{KN02camera,
  author = {Katsuyuki Nakano and Masatoshi Okutomi and Junichi Hasegawa},
  title = {Camera calibration with
	 precise extraction of feature points using projective transformation},
  booktitle = {International Conference on Robotics and Automation},
  year = {2002},
  pages = {2532-2538},
  address = {Washington, DC},
  month = {May},
}

@ARTICLE{Millibots,
  author = {Luis E. Navarro-Serment and
	 Robert Grabowski and Christiann J.J. Paredis and Pradeer K. Khosla},
  title = {Millibots },
  journal = {IEEE Robotics and Automation Magzine},
  year = {2002},
  pages = {31-40},
  month = dec,
  mynote = {ATV (all terrain vehicle)},
}

@MASTERSTHESIS{robot_kalman,
  author = {Rudy Negenborn},
  title = {Robot Localization and Kalman Filters},
  school = {Utrecht University},
  year = {2003},
}

@ARTICLE{NehoraiDetection,
  author = {Arye Nehorai and Boaz Porat and Eytan Paldi},
  title = {Detection and Estimation of Vapor-Emition Source},
  journal = ieeetsp,
  year = {1995},
  volume = {43},
  pages = {243-253},
  number = {1},
  month = jan,
  mynote = {Start talk about CRB (Cramer-Reo bound). It is something like
	 MUSIC. Use PDE diffusion model. Analyze the estimation of PDE system,
	 gave the solution of diffusion equation with advecate term; Estimate
	 the source of the diffusion by probabilitic approach; Identify the
	 correct chemical by estimate the diffusion properties. Read more!!},
  url = {http://www.ece.uic.edu/~nehorai/chemarray.html},
}

@ARTICLE{hosa93,
  author = {Nikias, C.~L. and J.~M. Mendel},
  title = {Signal processing with higher-order spectra},
  journal = {IEEE Signal Processing Magazine},
  year = {1993},
  volume = {10},
  pages = {10--37},
  number = {3},
}

@BOOK{hosabook93,
  title = {Higher-Order Spectra Analysis: A Nonlinear Signal Processing Framework},
  publisher = {Prentice-Hall},
  year = {1993},
  author = {Nikias, C.~L. and A.~P. Petropulu},
  address = {New Jersey},
}

@ARTICLE{hosa87,
  author = {Nikias, C.~L. and M.~R. Raghuveer},
  title = {Bispectrum estimation: A digital signal processing framework},
  journal = {Proc. IEEE},
  year = {1987},
  volume = {75},
  pages = {869--891},
}

@MISC{encoder,
  author = {Noetic Design,Inc},
  title = {{WW}-01 WheelWatcher},
  howpublished = {\url{http://www.nubotics.com}},
  year = {2004},
}

@INPROCEEDINGS{norrlof00,
  author = {M. Norrl{\"o}f and S. Gunnarsson},
  title = {Comparative study on first
	 and second order ILC - frequency domain analysis and experiments},
  booktitle = {Proc. of the 39th IEEE Conference on Decision and Control},
  year = {2000},
  pages = {CD001108.PDF},
  address = {Sydney, Australia},
  month = {Dec.},
  organization = {IEEE},
}

@INPROCEEDINGS{norrlof99,
  author = {M. Norrl{\"o}f and S. Gunnarsson},
  title = {A Frequency Domain Analysis of A Second Order Iterative Learning Control Algorithm},
  booktitle = {Proc. of the 38th IEEE Conference on Decision and Control},
  year = {1999},
  pages = {1587--1592},
  address = {Phoenix, Arizona USA},
  month = {Dec.},
  organization = {IEEE},
}

@ARTICLE{Ogren2002,
  author = {Ogren, P. and Egerstedt, M. and Xiaoming Hu},
  title = {A control Lyapunov function approach to multiagent coordination},
  journal = {IEEE Transactions on Robotics and Automation},
  year = {2002 },
  volume = {18 },
  pages = {847 - 851},
  number = {5 },
  month = {Oct.},
}

@ARTICLE{zhou10,
  author = {K.~G. Ong and K. Zeng and C.~A. Grimes},
  title = {A wireless, passive carbon nanotube-based gas sensor},
  journal = {IEEE Sensors J.},
  year = {2002},
  volume = {2},
  pages = {82-88},
}

@ARTICLE{Otten97,
  author = {G. Otten and T.~J.~A.~de Vries and J.~van Amerongen and A.~M. Rankers and E.~W. Gaal},
  title = {Linear Motor Motion Control Using a Learning Feedforward Controller},
  journal = {IEEE/ASME Trans. Mechatronics},
  year = {1997},
  volume = {2},
  pages = {179-187},
  number = {3},
}

@ARTICLE{moore_ajc01,
  author = {D.~H. Owens and E. Rogers and K.~L. Moore },
  title = {Analysis of Linear Iterative Learning Control Schemes Using Repetitive Process Theory},
  journal = {to appear in Asian Journal of Control, Special Issue on ILC},
  year = {2001},
}

@INCOLLECTION{seiler1999,
  author = {P.Seiler and A.Pant and J.K.Hedrick},
  title = {Preliminary Investigation of Mesh Stability for Linear Systems},
  booktitle = {IMECE99/DSC-7B-1},
  year = {1999},
}

@ARTICLE{Pant2002,
  author = {Pant, A. and Seiler, P. and Hedrick, K.},
  title = {Mesh stability of look-ahead interconnected systems},
  journal = {IEEE Transactions on Automatic Control},
  year = {2002 },
  volume = {47 },
  pages = {403 - 407},
  number = {2 },
  month = {Feb.},
}

@INPROCEEDINGS{Pant2001,
  author = {Pant, A. and Seiler, P. and Hedrick, K.},
  title = {Mesh stability of look-ahead interconnected systems},
  booktitle = {Proceedings of the 40th IEEE Conference on Decision and Control},
  year = {2001},
  volume = {3},
  pages = {3009-3013},
  month = {Dec.},
}

@INPROCEEDINGS{Pant2001a,
  author = {Pant, A. and Seiler, P. and Koo, T.~J. and Hedrick, K.},
  title = {Mesh stability of unmanned aerial vehicle clusters},
  booktitle = {Proceedings of the American Control Conference},
  year = {2001 },
  volume = {1 },
  pages = {62-68},
  month = {June},
}

@INPROCEEDINGS{Janez02Nonparametric,
  author = {Janez. Pers and Stanislav. Kovacic},
  title = {Nonparametric, model-Based
	 radial lens distortion correction using tilted camera assumption},
  booktitle = {Proceedings of the Computer Vision Winter Workshop},
  year = {2002},
  pages = {286-295},
  address = {Bad Aussee, Austria},
  month = {Feb.},
}

@ARTICLE{clfmac,
  author = {Petter ~Ogren, Magnus Egerstedt, and Xiaoming Hu},
  title = {A Control Lyapunov Function Approach to Multiagent Coordination},
  journal = {IEEE Transactions on Robotics and Automation},
  year = {2002},
  volume = {18},
  pages = {847--851},
  number = {5},
  month = {Oct},
}

@INPROCEEDINGS{Podlubny_cdc99,
  author = {Podlubny, I. and Dorcak, L. and Kostial, I.},
  title = {On fractional derivatives,
	 fractional-order dynamic systems and {PI}$^\lambda${D}$^\mu$-controllers},
  booktitle = {Proceedings of the 36th IEEE Conference on Decision and Control},
  year = {1997},
  pages = {4985-4990},
  month = {Dec.},
  organization = {IEEE},
}

@ARTICLE{NehoraiLocal,
  author = {B. Porat and A. Nehorai},
  title = {Localizing vapor-emitting sources by moving sensors},
  journal = {IEEE Trans. on Signal Processing},
  year = {1996},
  volume = {sp},
  pages = {1018-1021},
  number = {44},
  month = apr,
}

@ARTICLE{PoratLocateVapor,
  author = {Boaz Porat and Arye Nehorai},
  title = {Localizing Vapor-Emitting Sources by Moving Sensors},
  journal = ieeetsp,
  year = {1996},
  volume = {44},
  pages = {1018-1021},
  number = {4},
  month = apr,
}

@INPROCEEDINGS{melchior2004,
  author = {Poty, A. and Melchior, P. and Oustaloup, A.},
  title = {Dynamic path planning for mobile robots using fractional potential field},
  booktitle = {Proceedings of the First
	 International Symposium on Control, Communications and Signal Processing},
  year = {2004},
  pages = {557--561},
}

@BOOK{signal_table,
  title = {The handbook of formulas and table for signal processing},
  publisher = {CRC Press LLC and IEEE Press},
  year = {1999},
  editor = {R.~C. Dorf},
  author = {A.~D. Poularikas},
  series = {The Electrical Engineering Handbook Series},
  address = {New York},
}

@ARTICLE{Prescott97LineBased,
  author = {B. Prescott and G.~F. McLean},
  title = {Line-based correction of radial lens distortion},
  journal = {Graphical Models and Image Processing},
  year = {1997},
  volume = {59},
  pages = {39-47},
  number = {1},
  month = {Jan.},
}

@ARTICLE{Qi01_survey,
  author = {Hairong Qi and S. Sitharama Iyengarb and Krishnendu Chakrabarty},
  title = {Distributed sensor networks -- a review of recent research},
  journal = {Journal of the Franklin Institute},
  year = {2001},
  volume = {338},
  pages = {655-668},
}

@ARTICLE{QiMobile,
  author = {Hairong Qi and Yingyue Xu and Xiaoling Wang},
  title = {Mobile-agent-based collaborative signal and information processing in sensor networks},
  journal = {IEEE Proceedings},
  year = {2003},
  volume = {91},
  pages = {1172-1183},
  number = {8},
  month = aug,
}

@INBOOK{key,
  editor = {r},
  author = {r},
}

@BOOK{BookGonIP92,
  title = {Digital Image Processing},
  publisher = {Addison-Wesley},
  year = {1992},
  author = {R.~C.~Gonzalez and R.~E.~Woods},
  edition = {1st},
  month = {March},
}

@ARTICLE{Mehra76,
  author = {R.~K.~Mehra},
  title = {Optimization of measurement schedules and sensor designs for linear dynamic systems},
  journal = {IEEE Transaction on Automatic Control},
  year = {1976},
  volume = {21},
  pages = {55-64},
  number = {1},
}

@BOOK{Rahn_book01,
  title = {Mechatronic Control of Distributed Noise and Vibration: A Lyapunov Approach},
  publisher = {Springer Verlag},
  year = {2001},
  author = {Christopher D. Rahn},
  month = {September},
}

@BOOK{achen02,
  title = {Robust Discrete Optimization and Its Applications},
  publisher = {Kluwer Academic Publishers},
  year = {1968},
  author = {Raiffa, H.},
  address = {Dordredht},
}

@INPROCEEDINGS{Regehr2004,
  author = {Regehr, M.~W. and Acikmese, A.~B. and Ahmed, A. and Aung, M. and Clark,
	 K.~C. and MacNeal, P. and Shields, J. and Singh, G. and Bailey, R.
	 and Bushnell, C. and Hicke, A. and Lytle, B. and Rasmussen, R.~E.},
  title = {The formation control testbed},
  booktitle = {Proceedings of the 2004 IEEE Aerospace Conference },
  year = {2004 },
  volume = {1 },
  pages = {564},
  month = {March},
}

@ARTICLE{reif1999,
  author = {J.~H. Reif and H. Wang},
  title = {Social potential fields: A distributed behavioral control for autonomous robots},
  journal = {Robotics and Autonomous Systems},
  year = {1999},
  volume = {27},
  pages = {171--194},
}

@INPROCEEDINGS{Rekleitis2004,
  author = {Ioannis Rekleitis and Vincent Lee-Shue and Ai Peng New and Howie Choset},
  title = {Limited Communication, Multi-Robot Team Based Coverage},
  booktitle = {Proceedings of the 2004 IEEE International Conference on Robotics and Automation},
  year = {2004},
  pages = {3462--3468},
  address = {New Orleans, LA},
  month = {April},
}

@INPROCEEDINGS{ren2003,
  author = {Wei Ren and Randal W.Beard},
  title = {A Decentralized Scheme
	 for Spacecraft Formation Flying via the virtual Structure Approach},
  booktitle = {Proceedings of the 2003 American Control Conference},
  year = {2003 },
  pages = {1746 - 1751 },
  address = {Denver, Colorado},
  month = {June},
}

@BOOK{Gerhard00HandbookofComputerVisionAlgorithmsinImageAlgebra,
  title = {Handbook of Computer Vision Algorithms in Image Algebra},
  publisher = {CRC Press},
  year = {2000},
  author = {Gerhard X. Ritter and Joseph N. Wilson},
  address = {Boca Raton},
}

@INPROCEEDINGS{Robertson1998,
  author = {Robertson, A. and Corazzini, T. and How, J.~P.},
  title = {Formation sensing and control technologies for a separated spacecraft interferometer},
  booktitle = {Proceedings of the American Control Conference, },
  year = {1998 },
  volume = {3 },
  pages = {1574-1579},
  month = {June},
}

@ARTICLE{Rouchon_ijamcs01,
  author = {Pierre Rouchon},
  title = {Motion planning, equivalence, infinite dimentional systems},
  journal = {International Journal of Applied Mathematics and Computer Science},
  year = {2001},
  volume = {11},
  pages = {165-188},
  number = {1},
}

@ARTICLE{Rugh87,
  author = {W. J. Rugh},
  title = {Design of nonlinear PID controllers},
  journal = {AIChE J.},
  year = {1987},
  volume = {33},
  pages = {1738Å1741},
  number = {10},
}

@BOOK{zhou2,
  title = {Odor detection by mobile robots},
  publisher = {World Scientific},
  year = {1999},
  author = {R.~A. Russel},
  volume = {22},
  series = {World Scientific Series in Robotics and Intelligent Systems},
}

@INPROCEEDINGS{zhou22,
  author = {R.~A. Russell and L. Kleeman and S. Kennedy},
  title = {Using Volatile Chemicals to Help Locate Targets in Complex Environments},
  booktitle = {Proceedings of the Australian Conference on Robotics and Automation},
  year = {2000},
  pages = {87-91},
}

@INPROCEEDINGS{martin2001,
  author = {S.~K.~M.~Martin and P.~Klupar and J.~Winter},
  title = {{T}ech{S}at 21 and {R}evolutionizing {S}pace {M}issions {U}sing {M}icrosatellites},
  booktitle = {In Proc. of USU/AIAA Conf.},
  year = {2001},
  address = {Logan, UT},
  month = {Aug.},
}

@ARTICLE{saab01ac,
  author = {S. S. Saab},
  title = {A discrete-time stochastic learning contorl algorithm},
  journal = {IEEE Trans. on Automatic Control},
  year = {2001},
  volume = {46},
  pages = {877--887},
  number = {6},
  month = June,
}

@ARTICLE{Sakawa75,
  author = {Y. Sakawa},
  title = {Observability and related problems for partial differential equations of parabolic type},
  journal = {SIAM J . Optim. Contr.},
  year = {1975},
  volume = {13},
  pages = {14-27},
}

@ARTICLE{Sakawa74,
  author = {Y. Sakawa},
  title = {Controllability for partial differential equations of parabolic type},
  journal = {SIAM J. Optim. Contr.},
  year = {1974},
  volume = {12},
  pages = {389-400},
}

@INPROCEEDINGS{santosuosso03,
  author = {G. L. Santosuosso},
  title = {Robust adaptive eccentricity compensation},
  booktitle = {Proceedings of the American Control Conference},
  year = {2003},
  pages = {3281--3286},
  address = {Denver, Colorado},
  month = {June 4-6},
}

@INPROCEEDINGS{scharf2004,
  author = {Daniel P. Scharf and Fred Y. Hadaegh and Scott R. Ploen},
  title = {A Survey of space Formation Flying guidance and Control (part 2)},
  booktitle = {Proceedings of the American Control Conference},
  year = {2004 },
  pages = {2976 - 2985},
  address = {Boston, Massachusetts},
  month = {June},
}

@INPROCEEDINGS{Schmidt92,
  author = {Schmidt, G.~K. and Azarm, K.},
  title = {Mobile Robot Navigation
	 in a Dynamic World Using An Unsteady Diffusion Equation Strategy},
  booktitle = {Proceedings of the 1992
	 lEEE/RSJ International Conference on Intelligent Robots and Systems},
  year = {1992},
  pages = {642-647},
  month = {July},
}

@MISC{ChenRIOTS,
  author = {A. Schwartz and E. Polak and Y.~Q. Chen},
  title = {{RIOTS} - {A} {M}atlab {T}oolbox for {S}olving {O}ptimal {C}ontrol {P}roblems},
  month = {May},
  year = {1997},
  url = {http://www.schwartz-home.com/~adam/RIOTS/},
}

@ARTICLE{Seiler2004,
  author = {Seiler, P. and Pant, A. and Hedrick, K.},
  title = {Disturbance propagation in vehicle strings},
  journal = {IEEE Transactions on Automatic Control},
  year = {2004 },
  volume = {49 },
  pages = {1835 - 1842},
  number = {10 },
  month = {Oct.},
}

@INPROCEEDINGS{seiler2001L,
  author = {Pete Seiler and Raja Sengupta},
  title = {Analysis of Communication Loss in Vehicle Control Problems},
  booktitle = {Proceeding of the 2001 American Control Conference},
  year = {2001 },
  pages = {1491- 1496 },
  address = {Arlington, VA},
  month = {June},
}

@INPROCEEDINGS{commloss,
  author = {Pete Seiler and Raja Sengupta},
  title = {Analysis of {C}ommunication {L}osses in {V}ehicle {C}ontrol {P}roblems},
  booktitle = {Proceedings of the American Control Conference},
  year = {2001},
  pages = {1491--1496},
  address = {Arlington, VA},
  month = {Jun},
  note = {10/28/04},
  keywords = {vehicle control},
}

@INPROCEEDINGS{Serrani2003,
  author = {Serrani, A.},
  title = {Robust coordinated control of satellite formations subject to gravity perturbations},
  booktitle = {Proceedings of the 2003 American Control Conference },
  year = {2003 },
  volume = {1 },
  pages = {302-307},
  month = {June},
}

@MISC{motor,
  author = {Futaba Digital Servos},
  title = {S9254 {H}i {S}peed/{T}orque {S}ervo},
  howpublished = {\url{http://www.futaba-rc.com/servos/futm0211.html}},
  year = {2004},
}

@ARTICLE{SestokRandom,
  author = {C.~K. Sestok and M.~R. Said and A.~V. Oppenheim},
  title = {Randomized data selection
	 in detection with applications to distributed signal processing},
  journal = {IEEE Proceedings},
  year = {2003},
  volume = {91},
  pages = {1184-1198},
  number = {8},
  month = aug,
}

@ARTICLE{Shahruz97,
  author = {S. M. Shahruz and A. L. Schwartz},
  title = {Nonlinear {PI} compensators that achieve high performance},
  journal = {J. Dyn. Syst., Measurement, Contr.},
  year = {1997},
  volume = {119},
  pages = {105Å110 },
  month = Oct.,
}

@ARTICLE{Shahruz94,
  author = {S. M. Shahruz and A. L. Schwartz},
  title = {Design and optimal tuning of non-linear {PI} compensators},
  journal = {J. Optimization Theory Applicat.},
  year = {1994},
  volume = {83},
  pages = {181Å198 },
  number = {1},
}

@BOOK{zhou25a,
  title = {Chemometrics},
  publisher = {John Wiley \& Sons},
  year = {1986},
  author = {M.~A. Sharaf and D.~L. Illman and B.~R. Kowalski},
  volume = {82},
  series = {Chemical Analysis},
}

@ARTICLE{antiwindup,
  author = {Hwi-Beom Shin},
  title = {New antiwindup pi controller for variable-speed motor drivers},
  journal = {IEEE Trans. of Industrial Electronics},
  year = {1998},
  volume = {45},
  pages = {445-450},
  number = {3},
  month = {Jun},
}

@ARTICLE{zhou9,
  author = {S. Shukla and S. Seal and L. Ludwig and C. Parish},
  title = {Nanocrystalline indium
	 oxide-doped tin oxide thin film as low temperature hydrogen sensor},
  journal = {Sens. Actuators, B Chemical},
  year = {2004},
  volume = {97},
  pages = {256-265},
}

@INPROCEEDINGS{Robomote,
  author = {G. Sibley and M. Rahimi and G. Sukhatme},
  title = {Robomote: A tiny mobile robot platform for large-scale ad-hoc sensor networks},
  booktitle = {in Proc. of the IEEE Int. Conf. on Robotics and Automation},
  year = {2002},
  volume = {2},
  pages = {1143--1148},
  address = {Washington D.C, USA},
  month = {May},
}

@ARTICLE{SinopoliDist,
  author = {Bruno Sinopoli and Courtney Sharp and Luca Schenato and Shawn Schaffert and Shanker Sastry},
  title = {Distributed Control Applications Within Sensor Networks},
  journal = {IEEE Proceedings},
  year = {2003},
  volume = {91},
  pages = {1235-1249},
  number = {8},
  month = aug,
}

@INPROCEEDINGS{Skjetne2002,
  author = {Skjetne, R. and Moi, S. and Fossen, T.I.},
  title = {Nonlinear formation control of marine craft},
  booktitle = {Proceedings of the 41st IEEE Conference on Decision and Control},
  year = {2002},
  volume = {2},
  pages = {1699-1704},
  month = {Dec.},
}

@INPROCEEDINGS{Skjetne2002,
  author = {Skjetne, R. and Moi, S. and Fossen, T.~I.},
  title = {Nonlinear formation control of marine craft},
  booktitle = {Proceedings of the 41st IEEE International Conference on Decision and Control},
  year = {2002},
  volume = {2},
  pages = {1699-1704},
  month = {Dec.},
}

@ARTICLE{smith59,
  author = {O. J. M. Smith},
  title = {A controller to overcome dead time},
  journal = {ISA J.},
  year = {1959},
  volume = {6},
  pages = {28--33},
}

@MISC{finalreportinStanford,
  author = {Michal Smulski and Mai Vu},
  title = {Autonomous calibration toolbox for {CMOS} camera arrays},
  howpublished = {{\tt http://www.stanford.edu/\char126 mhv/cs233b/report.html}},
}

@MISC{solarbotics,
  author = {Solarbotics},
  title = {{Solarbotics}},
  howpublished = {\url{http://www.solarbotics.com/}},
  url = {http://www.solarbotics.com/},
}

@INPROCEEDINGS{chen-iros05a,
  author = {Z. Song and Y.~Q. Chen and J. Liang and D. Ucinski},
  title = {Optimal Mobile Sensor Motion Planning Under Nonholomonic
	 Constraints for Parameter Estimation of Distributed Parameter Systems},
  booktitle = {Proceedings of the IEEE/RSJ Int. Conf. on Intelligent Robots and Systems (IROS05)},
  year = {2005},
  pages = {(submitted)},
  address = {Edmonton, Alberta, Canada},
  month = {Aug.},
}

@INPROCEEDINGS{Song_SPIE03,
  author = {Z. Song and K.~L. Moore and Y.~Q. Chen and V. Bahl},
  title = {Two-Dimensional Laser Servoing for Precision
	 Motion Control of an {ODV} Robotic License Plate Recognition System},
  booktitle = {Proceedings of SPIE vol. 5083.
	 Unmanned Ground Vehicle Technology V, Guidance, Navigation, and GPS
	 Technologies, AeroSense- Technologies and Systems for Defense \& Security},
  year = {2003},
  pages = {5083-47},
}

@INPROCEEDINGS{Song02,
  author = {Zhen Song and YangQuan Chen and Lili Ma and You Chung Chung},
  title = {Some Sensing and Perception
	 Techniques for an Omni-directional Ground Vehicles with a Laser Scanner},
  booktitle = isic,
  year = {2002},
  address = {Vancouver, British Columbia},
  month = Oct,
  organization = {IEEE},
}

@INPROCEEDINGS{Song02sparsehough,
  author = {Zhen Song and YangQuan Chen and Lili Ma and You Chung Chung},
  title = {Some sensing and perception
	 techniques for an omni-directional ground vehicles with a laser scanner},
  booktitle = {Proceedings of the 17th
	 IEEE International Symposium on Intelligent Control, IEEE ISIC'02},
  year = {2002},
  pages = {1-6},
  address = {Vancouver, British Columbia, Canada},
  month = {Oct.},
  organization = {IEEE},
}

@BOOK{BookMilanIP,
  title = {Image Processing: Analysis and Machine Vision},
  publisher = {Thomson Learning},
  year = {1998},
  author = {Milan Sonka and Vaclav Hlavac and Roger Boyle},
  edition = {2nd},
  month = {Sept.},
}

@BOOK{Milan98imageprocessinganalysisandmachinevision,
  title = {Image Processing, Analysis, and Machine Vision},
  publisher = {PWS Publishing},
  year = {1998},
  author = {Milan Sonka and Vaclav Hlavac and Roger Boyle},
}

@INPROCEEDINGS{spry2004,
  author = {Stephen Spry and J.Karl Hedrick},
  title = {Formation Control Using Generalized Coordinates},
  booktitle = {Proceedings of the IEEE Conference on Decision and Control},
  year = {2004 },
  pages = {2441 -- 2446},
  address = {tlantis, Paradise Island, Bahamas},
  month = {Dec.},
}

@ARTICLE{Starrenburg96,
  author = {J.~G. Starrenburg and W.~T.~C.~van Luenen and W. Oelen and J.~van Amerongen},
  title = {Learning feedforward controller for a mobile robot vehicle},
  journal = {Control Engineering Practice},
  year = {1996},
  volume = {14},
  pages = {1221-1230},
  number = {9},
}

@INPROCEEDINGS{Stein97Lens,
  author = {Gideon P. Stein},
  title = {Lens distortion calibration using point correspondences},
  booktitle = {Proceedings of the Conference on Computer Vision and Pattern Recognition},
  year = {1997},
  pages = {602-608},
  month = {June},
}

@INPROCEEDINGS{DES96Nonparametric,
  author = {Daniel E. Stevenson and Margaret M. Fleck},
  title = {Nonparametric correction of distortion},
  booktitle = {3rd IEEE Workshop on Applications of Computer Vision},
  year = {1996},
  pages = {214-219},
  address = {Sarasoto, FL},
  month = {Dec.},
}

@ARTICLE{stilwell2000,
  author = {D.J. Stilwell and B.E. Bishop},
  title = {Platoons of underwater vehicles},
  journal = {IEEE Control System Magzine},
  year = {2000},
  volume = {20 },
  pages = {45 --52},
  month = {Dec.},
}

@ARTICLE{STURM99planebasedcalibrationsigularities,
  author = {P. Sturm and S. Maybank},
  title = {On plane-based camera calibration: a general algorithm, singularities, applications},
  journal = {Proceedings of the Conference on Computer Vision and Pattern Recognition},
  year = {1999},
  pages = {432-437},
  month = {June},
}

@INPROCEEDINGS{swarm02,
  author = {Sugawara, K. and Watanabe, T.},
  title = {Swarming robots-foraging behavior of simple multirobot system},
  booktitle = {Proceedings of the IEEE/RSJ International Conference on Intelligent Robots and System},
  year = {2002},
  pages = {2702-2707},
}

@INPROCEEDINGS{Estrin00SPIE,
  author = {Sukhatme, G.~S. and Estrin, D. and Caron, D. and Mataric, M. and Requicha, A.},
  title = {Proposed Approach for Combining Distributed Sensing, Robotic
	 Sampling, and Offline Analysis for {\it in situ} Marine Monitoring},
  booktitle = {In Proceedings of the Advanced
	 Environmental and Chemical Sensing Technology- SPIE 2000, Vol. 4205},
  year = {2000},
  address = {Boston, USA},
  month = {November},
  publisher = {SPIE},
}

@MISC{HOSAToolbox,
  author = {Ananthram Swami and Jerry M. Mendel and C.~L. Nikias},
  title = {Higher-{O}rder {S}pectral {A}nalysis {T}oolbox {U}ser's {G}uide - for use with {M}atlab},
  howpublished = {{\tt http://www.mathworks.} {\tt com/matlabcentral/}},
  year = {1998},
}

@ARTICLE{Rahul00Nonmetric,
  author = {Rahul Swaminathan and Shree K. Nayar},
  title = {Nonmetric calibration of wide-angle lenses and polycameras},
  journal = {IEEE Transactions on Pattern Analysis and Machine Intelligence},
  year = {2000},
  volume = {22},
  pages = {1172-1178},
  number = {10},
  month = {Oct.},
}

@INPROCEEDINGS{Swaroop1995,
  author = {Swaroop, D. and Hedrick, J.~K.},
  title = {String stability of interconnected systems},
  booktitle = {Proceedings of the American Control Conference},
  year = {1995 },
  volume = {3 },
  pages = {1806-1810},
  month = {June},
}

@ARTICLE{Takahashi2004,
  author = {Takahashi, H. and Nishi, H. and Ohnishi, K.},
  title = {Autonomous decentralized control for
	 formation of multiple mobile robots considering ability of robot},
  journal = {IEEE Transactions on Industrial Electronics},
  year = {2004 },
  volume = {51 },
  pages = {1272 - 1279},
  number = {6 },
  month = {Dec.},
}

@INPROCEEDINGS{Torn02Correcting,
  author = {Toru Tamaki and Tsuyoshi Yamamura and Noboru Ohnishi},
  title = {Correcting distortion of image by image registration},
  booktitle = {The 5th Asian Conference on Computer Vision},
  year = {2002},
  pages = {521-526},
  month = {Jan.},
}

@INPROCEEDINGS{Toru02Unified,
  author = {Toru Tamaki and Tsuyoshi Yamamura and Noboru Ohnishi},
  title = {Unified approach to image distortion},
  booktitle = {International Conference on Pattern Recognition},
  year = {2002},
  pages = {584-587},
  month = {Aug.},
}

@ARTICLE{tan04,
  author = {K. K. Tan and T. H. Lee and H. Dou and S. Zhao},
  title = {Force ripple suppression in
	 iron-core permanent-magnet linear motors using an adaptive dither},
  journal = {Journal of The Franklin Institute},
  year = {2004},
  volume = {341},
  pages = {375--390},
}

@ARTICLE{tan02,
  author = {K. K. Tan and S. N. Nuang and T. H. Lee},
  title = {Robust adaptive numerical compensation
	 for friction and force ripple in permanent-magnet linear motors},
  journal = {IEEE Trans. on Magnetics},
  year = {2002},
  volume = {38},
  pages = {221--228},
  number = {1},
}

@INPROCEEDINGS{Tan1996,
  author = {Kar-Han Tan and Lewis, M.~A.},
  title = {Virtual structures for high-precision cooperative mobile robotic control},
  booktitle = {Proceedings of the 1996
	 IEEE/RSJ International Conference Intelligent Robots and Systems },
  year = {1996 },
  volume = {1},
  pages = {132-139},
  month = {Nov},
}

@INPROCEEDINGS{Taniguchi2002,
  author = {Taniguchi, Y. and Tsuganezawa, Y. and Yamakita, M.},
  title = {Formation control of cooperative transportation of mother ship for {SMC}},
  booktitle = {Proceedings of the 41st SICE Annual Conference },
  year = {2002 },
  volume = {1},
  pages = {151-156},
  month = {August},
}

@ARTICLE{Tanner20041,
  author = {Tanner, H.~G. and Pappas, G.~J. and Kumar, V.},
  title = {Leader-to-formation stability},
  journal = {IEEE Transactions on Robotics and Automation},
  year = {2004 },
  volume = {20 },
  pages = {443 - 455},
  number = {3 },
  month = {June},
}

@INPROCEEDINGS{Tanner2004,
  author = {Herbert G. Tanner},
  title = {On the Controllability of Nearest Neighbor Interconnections},
  booktitle = {IEEE Conference on Decision and Control},
  year = {2004},
  pages = {2467 -- 2472},
  address = {Atlantis, Paradise Island, Bahamas},
  month = {Dec.},
}

@INPROCEEDINGS{tayebi99,
  author = {A. Tayebi and M. B. Zaremba},
  title = {Exponential convergence of an
	 iterative learning controller for time varying nonlinear systems},
  booktitle = {Proc. of the 38th IEEE Conference on Decision and Control},
  year = {1999},
  pages = {1593--1598},
  address = {Phoenix, Arizona USA},
  month = {Dec.},
  organization = {IEEE},
}

@ARTICLE{zhou13,
  author = {C.~J. Taylor and S. Semancik},
  title = {Use of microhotplate arrays as microdeposition substrates for materials exploration},
  journal = {Chem. Mater.},
  year = {2002},
  volume = {14},
  pages = {1671-1677},
}

@MISC{tostutorial,
  author = {Tiny{OS}},
  title = {Tiny{OS} tutorial},
  howpublished = {\url{http://webs.cs.berkeley.edu/tos/tinyos-1.x/doc/tutorial/}},
}

@PHDTHESIS{Ben02PHD,
  author = {Ben Tordoff},
  title = {Active control of zoom for computer vision},
  school = {University of Oxford},
  year = {2002},
  address = {Robotics Research Group, Department of Engineering Science},
}

@INPROCEEDINGS{tousain_cdc98,
  author = {R.~L. Tousain and J.-C. Boissy and M.~L. Norg and M. Steinbuch and O.~H. Bosgra},
  title = {Suppressing non-periodically repeating disturbances in mechanical servo systems},
  booktitle = {Proceedings of the 37th IEEE Conference on Decision and Control},
  year = {1998},
  pages = {2541-2},
  address = {Tampa, FL., USA},
  month = {Dec.},
  organization = {IEEE},
}

@INPROCEEDINGS{Trevai02,
  author = {Trevai, C. and Fukazawa, Y. and Yuasa, H. and Jun Ota and Arai, T. and Asama, H.},
  title = {Cooperative exploration path
	 planning for mobile robots by reaction-diffusion equation on graph},
  booktitle = {Proceedings of the 2002 IEEE
	 International Conference on Industrial Technology, IEEE ICIT '02},
  year = {2002},
  pages = {1266-1271},
  month = {Dec.},
  organization = {IEEE},
}

@BOOK{Emanuele98introductorycomputervision,
  title = {Introductory Techniques for 3-D Computer Vision},
  publisher = {Prentice Hall},
  year = {1998},
  author = {Emanuele Trucco and Alessandro Verri},
  address = {New Jersey},
}

@ARTICLE{tsai87AVersatile,
  author = {Roger Y. Tsai},
  title = {A versatile camera calibration technique for high-accuracy 3{D}
	 machine vision metrology using off-the-shelf {TV} cameras and lenses},
  journal = {IEEE Journal of Robotics and Automation},
  year = {1987},
  volume = {3},
  pages = {323-344},
  number = {4},
  month = {Aug.},
}

@BOOK{ucinski04book,
  title = {Optimal Measurement Methods For Distributed Parameter System Identification},
  publisher = {CRC Press},
  year = {2005},
  author = {Dariusz Uci\'nski},
  volume = {13},
  series = {Taylor \& Francis Systems and Control Book Series},
  address = {2000 N. W. Corporate Blvd., Boca Raton, Florida, 33431},
  month = {August},
}

@BOOK{UcinskiOptDPS05,
  title = {Optimal measurement methods for distributed parameter system identification},
  publisher = {CRC Press},
  year = {2005},
  author = {Dariusz Uci\'nski},
  address = {Boca Raton, Florida},
}

@INPROCEEDINGS{chen-cdc05a,
  author = {D. Ucinski and Y.~Q. Chen },
  title = {Time-optimal guidance
	 of moving sensors for parameter estimation of distributed systems},
  booktitle = {Proceedings of the joint IEEE Conf. on
	 Decision and Control and European Control Conference (CDC/ECC05)},
  year = {2005},
  pages = {(submitted)},
  address = {Seville, Spain},
  month = {Dec.},
}

@ARTICLE{Unser99,
  author = {M. Unser},
  title = {Splines: A Perfect Fit for Signal and Image Processing},
  journal = {IEEE Signal Processing Magazine},
  year = {1999},
  volume = {16},
  pages = {22-38},
  number = {6},
  month = November,
}

@INPROCEEDINGS{Robert95Classification,
  author = {Robert J. Valkenburg},
  title = {Classification of camera calibration techniques},
  booktitle = {Proceedings of IVCNZ95, Image and Vision Computing NZ Conference},
  year = {1995},
  pages = {43-48},
  address = {Lincoln, New Zealand},
  month = {Aug.},
}

@ARTICLE{valluri00,
  author = {S. R. Valluri and D. J. Jeffrey and R. M. Corless},
  title = {Some applications of the {L}ambert's ${W}$ Function to physics},
  journal = {Canadian J. Physics},
  year = {2000},
  volume = {78},
  pages = {823--831},
}

@ARTICLE{achen04,
  author = {Vanston, J.~H. Jr. and Frisbie, W.~P. and Lopreato, S.~C. and Poston, D.~L. Jr. },
  title = {Alternate scenario planning},
  journal = {Technological Forecasting and Social Change},
  year = {1977},
  volume = {10},
  pages = {159-180},
}

@PHDTHESIS{Velthuis_phd,
  author = {Velthuis, W. J. R.},
  title = {Learning feed-forward control - theory, design and applications},
  school = {University of Twente},
  year = {2000},
  address = {Enschede, The Netherlands},
}

@ARTICLE{Velthius00,
  author = {Velthuis, W. J. R. and Vries, T. J. A. de and Schaak, P., and Gaal, E. W.},
  title = {Stability analysis of learning feed-forward control},
  journal = {Automatica},
  year = {2000},
  volume = {36},
  pages = {1889-1895},
  number = {12},
  month = {12},
}

@ARTICLE{Velthius98,
  author = {W.~J. Velthuis and T.~J.~A.~de Vries and K.~H.~J. Vrielink and G.~J. Wierda and A. Borghuis},
  title = {Learning control of a flight simulator stick},
  journal = {Journal A},
  year = {1998},
  volume = {39},
  pages = {29-34},
  number = {3},
}

@INPROCEEDINGS{Velthuis97,
  author = {W.~J.~R Velthuis and T.~J.~A.~de Vries and J.~van Amerongen},
  title = {Performance Optimisation of Learning Feed Forward Control},
  booktitle = {Proc. IFAC Symp. AI in Real Time Control (AIRTC'97)},
  year = {1997},
  pages = {391-396},
  address = {Kuala Lumpur, Malays},
}

@INPROCEEDINGS{veries_ifac002,
  author = {W.~J.~R. Velthuis and T.~J.~A. de Vries and J.~van Amerongen },
  title = {Design Procedure for a Learning Feed-Forward Controller},
  booktitle = {Proc. of the First IFAC Conference on Mechatronic Systems},
  year = {2000},
  pages = {955 -960},
  address = {Darmstadt, Germany},
  month = September,
  organization = {IFAC},
}

@INPROCEEDINGS{Velthuis98cdc,
  author = {W.~J.~R. Velthuis and T.~J.~A.~de Vries and E. Gaal},
  title = {Experimental verification of the stability analysis of Learning Feed-Forward Control},
  booktitle = {Proceedings 37th IEEE Conference on Decision and Control},
  year = {1998},
  pages = {1225-1229},
  address = {Tampa, Florida, USA},
}

@INPROCEEDINGS{Velthuis00_icarcv,
  author = {W.~J.~R. Velthuis and T.~J.~A.~de Vries and Menno Haring},
  title = {Regularisation in Learning Feed-Forward Control},
  booktitle = {Proceedings 6th Int. Conf. on Control, Automation, Robotics and Vision},
  year = {2000},
  pages = {406.1-406.6},
  address = {Singapore },
}

@INPROCEEDINGS{Vidal2003,
  author = {Vidal, R. and Shakernia, O. and Sastry, S.},
  title = {Formation control of nonholonomic mobile
	 robots with omnidirectional visual servoing and motion segmentation},
  booktitle = {IEEE International Conference on Robotics and Automation},
  year = {2003 },
  volume = {1 },
  pages = {584-589},
  month = {Sept.},
}

@INPROCEEDINGS{blas_chen_cdctw02,
  author = {Vinagre, Blas~M. and Chen, YangQuan},
  title = {Lecture Notes on Fractional Calculus Applications in Automatic Control and Robotics},
  booktitle = {The 41st IEEE CDC2002 Tutorial Workshop 2},
  year = {2002},
  editor = {Vinagre, Blas~M. and Chen, YangQuan},
  pages = {1-310. [Online] \texttt{http://mechatronics.ece.usu.edu} \texttt{/foc/cdc02\_tw2\_ln.pdf}},
  address = {Las Vegas, Nevada, USA},
}

@INPROCEEDINGS{Virk98,
  author = {Virk, G.~S. and Kadar, E.~E.},
  title = {Co-operative navigation for target searching in a diffusion field},
  booktitle = {Proceedings of the 1998 IEEE International Conference on Control Applications},
  year = {1998},
  pages = {423-427},
  month = {Sept.},
}

@INPROCEEDINGS{vos91,
  author = {Vos, D. W. and Valavani, L. and von Flotow, A. H.},
  title = {Intelligent model referecne nonlinear friction
	 compensation using neural networks and Lyapunov based adaptive control},
  booktitle = {Proceedings of the 1991 IEEE International Symposium on Intelligent Control},
  year = {1991},
  pages = {417--422},
  address = {Arlington, Virginia, USA},
  month = {Aug 13-15},
}

@INPROCEEDINGS{veries_ifac001,
  author = {T.~J.~A. de Vries and W.~J.~R. Velthuis and J.~van Amerongen },
  title = {Learning Feed-forward Control: A Survey and Historical Note },
  booktitle = {Proc. of the First IFAC Conference on Mechatronic Systems},
  year = {2000},
  pages = {949 -954},
  address = {Darmstadt, Germany},
  month = September,
  organization = {IFAC},
}

@INPROCEEDINGS{Vries,
  author = {T.~J.~A.~de Vries and L.~J. Idema and W.~J.~R. Velthuis},
  title = {Parsimonious learning feed-forward control},
  booktitle = {Proc. 6th European Symposium on Artificial Neural Networks ESANN'98},
  year = {1998},
  editor = {M. Verleysen},
  pages = {85-90},
  address = {Bruges, Belgium},
}

@INPROCEEDINGS{Vries98ilc,
  author = {T.~J.~A.~de Vries and W.~J.~R. Velthuis},
  title = {Toward exploiting the benefits of ILC in non-repetitive-motion applications},
  booktitle = {Iterative Learning and Control Workshop and Roundtable},
  year = {1998},
  editor = {K.~L. Moore},
  pages = {87-88},
  address = {IEEE CDC Tampa, Florida, USA},
  month = {12},
}

@INPROCEEDINGS{Velthuis96isic,
  author = {W.J.R. Velthuis, T.J.A. de Vries and J. van Amerongen},
  title = {Learning feed forward control of a flexible beam},
  booktitle = {Proc. IEEE Int. Symp. on Intelligent Control ISIC '96},
  year = {1996},
  pages = {103-108},
  address = {Dearborn, MI, USA},
}

@BOOK{MullerOptimumDesign,
  title = {Collecting spatial data. Optimum design of experiments for random fields},
  publisher = {Physica-Verlag},
  year = {2001},
  author = {W.~G.~M{\"u}ller},
  volume = {Contributions to Statistics},
  address = {Heidelberg},
  edition = {2nd},
  mynote = {Ucinski 181: smog estimation},
}

@INPROCEEDINGS{Wang_2002_3973,
  author = {Chieh-Chih Wang and Charles Thorpe},
  title = {Simultaneous Localization and Mapping with Detection and Tracking of Moving Objects},
  booktitle = {IEEE International Conference on Robotics and Automation},
  year = {2002},
  month = {May},
}

@INPROCEEDINGS{Wang03,
  author = {Wang, H. and Elson, J. and Girod, L. and Estrin, D. and Yao, K.},
  title = {Target classification and localization in habitat monitoring},
  booktitle = {Proceedings of the 2003 IEEE International
	 Conference on Acoustics, Speech, and Signal Processing. (ICASSP '03)},
  year = {2003},
  pages = {IV\_844-IV\_847},
}

@INPROCEEDINGS{chen-iros05c,
  author = {Z. Wang and Y.~Q. Chen},
  title = {Formation Control: A Review and A New Consideration},
  booktitle = {Proceedings of the IEEE/RSJ Int. Conf. on Intelligent Robots and Systems (IROS05)},
  year = {2005},
  pages = {(submitted)},
  address = {Edmonton, Alberta, Canada},
  month = {Aug.},
}

@INPROCEEDINGS{MASnetSpie05,
  author = {Z. Wang and Z. Song and P. Chen and Y.~Q. Chen and K.~L. Moore},
  title = {Formation motion control methods in mobile actuator/sensor networks},
  booktitle = {Proceedings of SPIE Defense and Security Symposium 2005},
  year = {2005},
  pages = {(to appear)},
  address = {Orlando, Fl., USA},
  month = {March},
}

@TECHREPORT{ZhongminTRMASmote04,
  author = {Zhongmin Wang and YangQuan Chen},
  title = {On Board Programming and Low Level Control of Mas-net Robots ({MAS}motes},
  institution = {CSOIS, Utah State University},
  year = {2004},
  number = {USU-CSOIS-TR-04-09},
  address = {Logan, Utah, USA},
}

@INPROCEEDINGS{zm-cdc05,
  author = {Zhongmin Wang and Jinsong Liang and YangQuan Chen},
  title = {Optimal Dynamic Actuator
	 Location in Distributed Feedback Control of A Diffusion Process},
  booktitle = {The 2005 Joint Conference on Decision and Control, and European Control Conference},
  year = {2005},
  address = {Seveil, Spain},
  month = {Dec.},
}

@INPROCEEDINGS{zm-icma05a,
  author = {Zhongmin Wang and Jinsong Liang and YangQuan Chen},
  title = {Actuation scheduling in mobile actuator networks for spatial-temporal
	 feedback control of a diffusion process with dynamic obstacle avoidance},
  booktitle = {The 2005 IEEE International Conference on Mechatronics and Automation},
  year = {2005},
  address = {Niagara Falls, Ontario, Canada },
  month = {July},
}

@INPROCEEDINGS{zm-icma05b,
  author = {Zhongmin Wang and Jinsong Liang and YangQuan Chen},
  title = {Automatic dynamic flocking in
	 mobile actuator sensor networks by central Voronoi tessellations},
  booktitle = {The 2005 IEEE International Conference on Mechatronics and Automation},
  year = {2005},
  address = {Niagara Falls, Ontario, Canada },
  month = {July},
}

@INPROCEEDINGS{ZhongminRobio04,
  author = {Zhongmin Wang and Zhen Song and
	 Peng-Yu Chen and Anisha Arora and Dan Stormont and YangQuan Chen},
  title = {{MASmote} - A Mobility Node for {MAS-net} (Mobile Actuator Sensor Networks)},
  booktitle = {IEEE International Conference on Robotics and Biomimetics (IEEE ROBIO) },
  year = {2004},
  address = {Shenyang, China},
  month = {Aug.},
}

@ARTICLE{GWei94Implicit,
  author = {G. Wei and S. Ma},
  title = {Implicit and explicit camera calibration: Theory and experiments},
  journal = {IEEE Transactions on Pattern Analysis and Machine Intelligence},
  year = {1994},
  volume = {16},
  pages = {469-480},
  number = {5},
  month = {May},
}

@ARTICLE{Juyang92distortionmodel,
  author = {Juyang Weng and Paul Cohen and Marc Herniou},
  title = {Camera calibration with distortion models and accuracy evaluation},
  journal = {IEEE Transactions on Pattern Analysis and Machine Intelligence},
  year = {1992},
  volume = {14},
  pages = {965-980},
  number = {10},
  month = {Oct.},
}

@INPROCEEDINGS{Whitehouse02,
  author = {K. Whitehouse and D. Culler},
  title = {Calibration as parameter estimation in sensor networks},
  booktitle = {Proceedings of the 2002 ACM
	 International Workshop on Wireless Sensor Networks and Applications},
  year = {2002},
  address = {Atlanta, GA.},
  month = {September},
}

@MISC{calamari,
  author = {Kamin Whitehouse},
  title = {Calamari: a sensor field localization system},
  howpublished = {[http://www.cs.berkeley.edu/~kamin/calamari/]},
}

@ARTICLE{zhou6,
  author = {G. Williams and G.~S.~V. Coles},
  title = {The Gas-Sensing Potential of
	 Nanocrystalline Tin Dioxide Produced by a Laser Ablation Technique},
  journal = {MRS Bulletin},
  year = {1999},
  volume = {18-19},
  pages = {25-29},
  month = {June},
}

@MISC{tinyos,
  author = {Wireless Embedded Systems Lab, UC Berkeley},
  title = {{TinyOS}},
  howpublished = {http://www.tinyos.net/},
}

@INPROCEEDINGS{canudas99,
  author = {Carlos Canudas de Wit},
  title = {Control of systems with dynamic friction},
  booktitle = {CCA'99 Workshop on Friction},
  year = {1999},
  address = {Hawaii, USA},
  month = {Aug 22},
}

@INPROCEEDINGS{canudas89,
  author = {Carlos Canudas de Wit and P. Noel and A. Aubin and B. Brogliato and P. Drevet},
  title = {Adaptive friction compensation in robot manipulators: low-velocities},
  booktitle = {Proceedings of 1989 IEEE Conference on Robotics and Automation},
  year = {1989},
  pages = {1352--1357},
  address = {Scolttsdale, Arizona, USA},
  month = {May 14-19},
}

@ARTICLE{canudas00,
  author = {Carlos Canudas de Wit and Laurent Praly},
  title = {Adaptive eccentricity compensation},
  journal = {IEEE Trans. on Control Systems Technology},
  year = {2000},
  volume = {8},
  pages = {757--766},
  number = {5},
}

@INPROCEEDINGS{canudas98,
  author = {Carlos Canudas de Wit and Laurent Praly},
  title = {Adaptive eccentricity compensation},
  booktitle = {Proceedings of the 37th IEEE Conference on Decision and Control},
  year = {1998},
  pages = {2271--2276},
  address = {Tampa, Florida},
  month = {Dec},
}

@INPROCEEDINGS{canudas90,
  author = {Carlos Canudas de Wit and V. Seront},
  title = {Robust adaptive friction compensation},
  booktitle = {Proceedings of 1990 IEEE Conference on Robotics and Automation},
  year = {1990},
  pages = {1383--1388},
  address = {Cincinnati, Ohio, USA},
  month = {May 13-18},
}

@INPROCEEDINGS{coord_map,
  author = {Ching-Chang Wong and Chun-Po Huang and Bo-Chen Lin and Yu-Sheng Huang},
  title = {Position correction in the image process of robot soccer game},
  booktitle = {The Seventh Conference on
	 Artificial Intelligence and Applications (TAAI2002), Taichung, Taiwan},
  year = {2002},
  pages = {684-689},
}

@ARTICLE{wright49,
  author = {E. M. Wright},
  title = {The linear difference-differential equation with constant coefficients},
  journal = {Proc. Royal Soc. Edinburgh},
  year = {1949},
  volume = {62A},
  pages = {387-393},
}

@INPROCEEDINGS{wu03,
  author = {Gang Wu and Chong, E.K.P. and Givan, R.},
  title = {Buffer control at video-streaming proxy servers},
  booktitle = {Global Telecommunications Conference},
  year = {2003},
  pages = {3558--3563},
  month = {Dec},
  organization = {GLOBECOM '03},
}

@MISC{encoder_c,
  author = {Joerg Wunsch},
  title = {Advanced Velocity and Position Control Example},
  howpublished = {\url{http://www.nubotics.com/support/ww01/example_code.html}},
  month = {August},
  year = {2004},
  note = {c program for encoder},
}

@INPROCEEDINGS{fuzzymotor,
  author = {X.~Z.Gao and S.~J.~Ovaska},
  title = {A new fuzzy filter with application in motion control system},
  booktitle = {Proceedings of the 1999 IEEE
	 International Conference on Systems, Man, and Cybernetics (SMC-99)},
  year = {1999},
  volume = {3},
  pages = {280--285},
  address = {Tokyo, Japan},
  month = {October},
  keywords = {fuzzy, velocity estimation},
}

@ARTICLE{xu_tac04,
  author = {Jian-Xin Xu},
  title = {A new periodic adaptive
	 control approach for time-varying parameters with known periodicity},
  journal = {IEEE Trans. on Automatic Control},
  year = {2004},
  volume = {49},
  pages = {579--583},
  number = {4},
}

@INPROCEEDINGS{xu_tan_cdc01,
  author = {Jian-xin Xu and Ying Tan},
  title = {On the convergence speed of a class of higher-order {ILC} schemes },
  booktitle = {Proceedings of the 40th IEEE Conference on Decision and Control},
  year = {2001},
  pages = {4932-4937},
  address = {Orlando, FL., USA},
  month = {Dec.},
  organization = {IEEE},
}

@ARTICLE{lixu_ac96,
  author = {L. Xu and O. Saito and K. Abe},
  title = {Practical Internal Stability of $n$-{D} Discrete Systems},
  journal = {IEEE Trans. on Automatic Control},
  year = {1996},
  volume = {41},
  pages = {756-761},
  number = {5},
  month = {May},
}

@INPROCEEDINGS{xuli99,
  author = {Minoru Yamada and Li Xu and Osami Saito},
  title = {2{D} MODEL-FOLLOWING
	 SERVO SYSTEM AND ITS APPLICATIONS TO LINEAR MULTIPASS PROCESSES},
  booktitle = {Proceedings of the 14th Triennial IFAC World Congress},
  year = {1999},
  pages = {241-246},
  address = {Beijing, China},
  month = {July},
  organization = {IFAC},
}

@INPROCEEDINGS{yamakita2004,
  author = {Masaki Yamakita and Masahiro Saito},
  title = {Formation Control of SMC with mulitple Coordinate Systems},
  booktitle = {International conference on Intelligent Robots and Systems},
  year = {2004 },
  pages = {1023 - 1028},
  address = {Sendai, Japan},
  month = {september},
}

@INPROCEEDINGS{yamakita2004,
  author = {Masaki Yamakita and Masahiro Saito},
  title = {Formation Control of {SMC} with mulitple Coordinate Systems},
  booktitle = {Proceedings of the International Conference on Intelligent Robots and Systems},
  year = {2004 },
  pages = {1023 - 1028},
  address = {Sendai, Japan},
  month = {september},
}

@INPROCEEDINGS{yamakita2004,
  author = {Masaki Yamakita and Masahiro Saito},
  title = {Formation Control of SMC with mulitple Coordinate Systems},
  booktitle = {Proceedings of the International conference on Intelligent Robots and Systems},
  year = {2004 },
  pages = {1023 - 1028},
  address = {Sendai, Japan},
  month = {September},
}

@ARTICLE{Yamashita03ieeetra,
  author = {Yamashita, A. and Arai, T. and Jun Ota and Asama, H. },
  title = {Motion planning of multiple mobile robots for Cooperative manipulation and transportation},
  journal = {IEEE Transactions on Robotics and Automation},
  year = {2003},
  volume = {19},
  pages = {223-237},
  number = {2},
  month = {April},
}

@INPROCEEDINGS{Yan2003,
  author = {Yan, J. and Bitmead, R.R.},
  title = {Coordinated control and information architecture},
  booktitle = {42nd IEEE Conference on Decision and Control},
  year = {2003 },
  volume = {4 },
  pages = {3919-3923},
  month = {Dec.},
}

@INPROCEEDINGS{Yang03,
  author = {Yang, H. and Sikdar, B.},
  title = {A protocol for tracking mobile targets using sensor networks},
  booktitle = {Proceedings of the First IEEE
	 International Workshop on Sensor Network Protocols and Applications},
  year = {2003},
  pages = {71-81},
}

@INPROCEEDINGS{yang03,
  author = {Sheng-Ming Yang and Feng-Chieh Lin and Ming-Tshung Chen},
  title = {Micro-stepping control of a two-phase linear stepping
	 motor with three-phase VSI inverter for high-speed applications },
  booktitle = {38th IAS Annual Meeting},
  year = {2003},
  pages = {473-479},
  month = {Oct.},
}

@INPROCEEDINGS{yazdizadeh96,
  author = {A. Yazdizadeh and K. Khorasani},
  title = {Adaptive friction compensation based on the Lyapunov scheme},
  booktitle = {Proceedings of the 1996 IEEE International Conference on Control Applications},
  year = {1996},
  pages = {1060-1065},
  address = {Dearborn, MI, USA},
  month = {Sep.},
  organization = {IEEE},
}

@ARTICLE{smac_01,
  author = {Wei Ye and John Heidemann and Deborah Estrin},
  title = {Medium Access Control
	 with Coordinated Adaptive Sleeping for Wireless Sensor Networks},
  journal = {IEEE/ACM Transactions on Networking},
  year = {2004},
  volume = {12},
  pages = {493-506},
  number = {3},
  month = Jun,
}

@INPROCEEDINGS{smac_02,
  author = {Wei Ye and John Heidemann and Deborah Estrin},
  title = {An Energy-Efficient MAC Protocol for Wireless Sensor Networks},
  booktitle = {In Proceedings of the 21st International Annual Joint Conference of the IEEE
	 Computer and Communications Societies (INFOCOM), New York, NY, USA},
  year = {2002},
}

@ARTICLE{scanning_sensors_ac92,
  author = {K. Yoshii and K. Hakomori},
  title = {Feedback stabilization of linear diffusion systems with periodically scanning sensors},
  journal = {IEEE Trans. Automat. Contr.},
  year = {1992},
  volume = {37},
  pages = {1019-1022},
}

@ARTICLE{Quereshi80,
  author = {Z.~H.~Quereshi and T.~S.~Ng and G.~C.~Goodwin},
  title = {Optimal experimental design for identification of distributed parameter systems},
  journal = {International Journal of Control},
  year = {1980},
  volume = {31},
  pages = {21-29},
  number = {1},
}

@INPROCEEDINGS{zaremba98,
  author = {Zaremba, A.T. and Burkov, I.V. and Stuntz, R.M.},
  title = {Active damping of engine speed oscillations based on learning control},
  booktitle = {Proceedings of the 1998 American Control Conference},
  year = {1998},
  pages = {2143--2147},
  address = {Philadelphia, PA, USA},
  month = {June 24-26},
}

@ARTICLE{Zelek00,
  author = {Zelek, J.~S. and Levine, M.~D.},
  title = {Local-global concurrent path planning and execution},
  journal = {IEEE Transactions on Systems, Man and Cybernetics, Part A},
  year = {2000},
  volume = {30},
  pages = {865-870},
  number = {6},
}

@ARTICLE{Jai_ijamcs00,
  author = {Zerrik, E., and Badraoui, L.},
  title = {Sensors characterization for regional boundary observability},
  journal = {Int. J. of Applied Mathematics and Computer Science},
  year = {2000},
  volume = {10},
  pages = {345-356},
}

@ARTICLE{Jai_ijss00,
  author = {Zerrik, E. and A. Boutoulout and A. El Ja{\"i} },
  title = {Actuators and regional boundary controllability of parabolic systems},
  journal = {International Journal of Systems Sciences},
  year = {2000},
  volume = {31},
  pages = {73 -- 82},
  number = {1},
}

@ARTICLE{ZERRIK_ijc03,
  author = {E. Zerrik and M. Ouzahra },
  title = {Regional stabilization for {infinite}-dimensional systemss},
  journal = {International Journal of Control},
  year = {2003},
  volume = {76},
  pages = {73--81},
  number = {1},
}

@ARTICLE{Zerrik_ijamcs03,
  author = {Zerrik, El Hassane and Bourray, Hamid},
  title = {Gradient observability for diffusion systems},
  journal = {International Journal of Applied Mathematics and Computer Science},
  year = {2003},
  volume = {13},
  pages = {139--150},
  number = {2},
}

@ARTICLE{Zerrik_ijamcs99,
  author = {Zerrik, El Hassane and Boutoulout, A. and Kamal, A.},
  title = {Regional gradient controllability for parabolic systems},
  journal = {International Journal of Applied Mathematics and Computer Science},
  year = {1999},
  volume = {9},
  pages = {767--787},
  number = {4},
}

@INPROCEEDINGS{zhang2003,
  author = {Fumin Zhang and Michael Goldgeier and P.S.Krishnaprasad},
  title = {Control of Small Formaiton Using Shape Coordinates},
  booktitle = {Proceedings of the International conference on Robotics and Automation},
  year = {2003 },
  pages = {2510 - 2446},
  address = {Taipei, Taiwan},
  month = {Sept.},
}

@ARTICLE{zhang01,
  author = {T. Zhang and M. Guay},
  title = {Comments on "An exponentially stable friction compensator},
  journal = {IEEE Trans. on Automatic Control},
  year = {2001},
  volume = {46},
  pages = {1844-1845},
  number = {11},
}

@ARTICLE{zhang99calibrationinpaper,
  author = {Zhengyou Zhang},
  title = {Flexible camera calibration by viewing a plane from unknown orientation},
  journal = {IEEE International Conference on Computer Vision},
  year = {1999},
  pages = {666--673},
  month = {Sept.},
}

@MISC{zhang98calibrationwebpage,
  author = {Zhengyou Zhang},
  title = {Experimental data and result for camera calibration},
  howpublished = {Microsoft Research Technical Report, {\tt
	 http://rese-arch} {\tt .microsoft.com/} {\tt \char126} {\tt zhang/calib/}},
  year = {1998},
}

@MISC{zhang99calibrationinreport,
  author = {Zhengyou Zhang},
  title = {A flexible new technique for camera calibration},
  howpublished = {Microsoft Research Technical Report, {\tt http://}{\tt
	 research.} {\tt microsoft}{\tt .com/}{\tt \char126}{\tt zhang/calib/}},
  year = {1998},
}

@INPROCEEDINGS{zhang96OnThe,
  author = {Zhengyou Zhang},
  title = {On the epipolar geometry between two images with lens distortion},
  booktitle = {International Conference on Pattern Recognition},
  year = {1996},
  pages = {407-411},
  address = {Vienna},
  month = {Aug.},
}

@ARTICLE{ZhaoColl,
  author = {Feng Zhao and Jie Liu and Juan Liu and Leonidas Guibas and James Reich},
  title = {Collaborative Signal and Information Processing: An Information-Directed Approach},
  journal = {IEEE Proceedings},
  year = {2003},
  volume = {91},
  pages = {1199-1209},
  number = {8},
  month = aug,
}

@INPROCEEDINGS{zyl02,
  author = {AW van Zyl and C. F. Landy},
  title = {Reduction of cogging forces in a
	 tubular lnear synchronous motor by optiming the seconary design},
  booktitle = {2002 IEEE AFRICON},
  year = {2002},
  pages = {689-692},
  month = {Oct.},
}

@ARTICLE{zhou18,
  author = {M. Ferroni {\em et al.}},
  title = {Nanosized Thin Films of {T}ungsten-{T}itanium Mixed Oxides as Gas Sensors},
  journal = {Sens. Actuators, B. Chemical},
  year = {1999},
  volume = {58},
  pages = {289-294},
}

@ARTICLE{zhou16,
  author = {Y. Liu {\em et al.}},
  title = {Structural and Gas Sensing Properties of Nanometre Tin Oxide Prepared by {PECVD}},
  journal = {J. Mater. Sci.: Mater. in Electronics},
  year = {1996},
  volume = {7},
  pages = {279-282},
}

@MISC{atmega,
  author = {{Atmel Corporation}},
  title = {{Atmega 128(L) Preliminary}},
  howpublished = {http://www.atmel.com/},
}

@MISC{cc1000,
  author = {{Chipcon Inc.}},
  title = {{CC1000 Product Information}},
  howpublished = {http://www.chipcon.com/},
}

@MISC{mica2,
  author = {{Crossbow Technology Inc.}},
  title = {{Mica2 Series}},
  howpublished = {http://www.xbow.com/},
  year = {2004},
}

@MISC{nesc_ref,
  author = {{David Gay and Philip Levis and David Culler and Eric Brewer}},
  title = {{nesC Language Reference Manual}},
  howpublished = {http://www.tinyos.net/tinyos-1.x/doc/nesc/ref.pdf},
}

@MISC{artoolkit,
  author = {{Human Interface Technology Laboratory of the University of Washington}},
  title = {{ARToolKit}},
  howpublished = {http://www.hitl.washington.edu/artoolkit/},
  year = {2004},
}

@MISC{opencv,
  author = {{Intel Inc.}},
  title = {{Open Source Computer Vision Library}},
  howpublished = {http://www.intel.com/research/mrl/research/opencv/index.htm},
}

@MISC{smac,
  author = {{ISI Laboratory for Embedded Networked Sensor Experimentation}},
  title = {{MACSS: MAC Protocols Specific for Sensor Networks}},
  howpublished = {http://www.isi.edu/ilense/macss/index.html},
}

@MISC{nsf_sensor,
  author = {{NSF}},
  title = {National {S}cience {F}oundation. {S}ensors and
	 {S}ensor {N}etworks. {NSF} {P}rogram {S}olicitation {NSF} 03-512.},
  howpublished = {{\tt http://www.nsf.gov/pubs/2003/nsf03512/nsf03512.htm}},
  year = {2003},
}

@MISC{matlabpde,
  author = {{The MathWorks Inc.}},
  title = {{Matlab Partial Differential Equation Toolbox}},
  howpublished = {\url{http://www.mathworks.com/products/pde/}},
  url = {http://www.mathworks.com/products/pde/},
}

@ARTICLE{clfmac,
  author = {Petter ~Ogren and Magnus Egerstedt and Xiaoming Hu},
  title = {A Control Lyapunov Function Approach to Multiagent Coordination},
  journal = {IEEE Transactions on Robotics and Automation},
  year = {2002},
  volume = {18},
  pages = {847--851},
  number = {5},
  month = {Oct},
}

@BOOK{mathhandbook,
  title = {Handbook of Applied Mathematics: Selected Results and Methods},
  publisher = {Van Nostrand Reinhold Company},
  year = {1983},
  editor = {Carl E. Pearson},
  address = {New York},
  edition = {Second},
}

@BOOK{Photogrammetry80,
  title = {Manual of Photogrammetry},
  publisher = {American Society of Photogrammetry},
  year = {1980},
  editor = {Chester C Slama},
  address = {Falls Church},
  edition = {Fourth},
}

@INPROCEEDINGS{BergbreiterCotsbots,
  title = {CotsBots: an off-the-shelf platform for distributed robotics},
  booktitle = {2003 IEEE/RSJ International
	 Conference on Intelligent Robots and Systems, 2003. (IROS 2003).},
  year = {2003},
  volume = {2},
  pages = {1632 - 1637},
}

@MISC{ANSYS,
  title = {{ANSYS}},
  howpublished = {\url{http://www.ansys.com}},
}

