This file was created with JabRef 1.7.1.
Encoding: ISO8859_1

@BOOK{,
  title = {Patents : A Practical Handbook},
  author = {U.S. Department of Commerce},
  owner = {zhensong},
}

@MISC{IbotWheelChair,
  author = {Independence},
  title = {The INDEPENDENCE® iBOT? 3000 Mobility System},
  owner = {zhensong},
  url = {http://www.independencenow.com/ibot/index.html},
}

@BOOK{KnoaldPatent89,
  title = {What Every Engineer Should Know About Patents},
  publisher = {Marcel Dekker Inc.},
  year = {1989},
  editor = {2nd},
  author = {William G Konald and Bruce Tittel and Donald F. Frei and David S. Stallard},
  number = {ISBN 0-8247-8010-8. },
  owner = {zhensong},
}

@MISC{KuipersWheelChair,
  author = {Benjamin J. Kuipers},
  title = {Intelligent Wheelchair Resources},
  owner = {zhensong},
  url = {http://www.cs.utexas.edu/users/kuipers/wheelchair.html},
}

@MISC{BayAreaPatent,
  author = {Bay area intellectual property group. LLC},
  title = {2005 Consolidated Fee Schedule},
  owner = {zhensong},
  url = {http://www.bayareaip.com/Fee%20Schedule/overview.htm},
}

@MISC{,
  author = {UNITED STATES PATENT AND TRADEMARK OFFICE},
  title = {UNITED STATES PATENT AND TRADEMARK OFFICE FY 2005 FEE SCHEDULE},
  owner = {zhensong},
  url = {http://www.uspto.gov/go/fees/fee2005mar15.htm},
}

@BOOK{PressmanPatent,
  title = {Patent It Yourself},
  author = {David Pressman},
  owner = {zhensong},
}

