@STRING{ ics = "IEEE Control Systems Magazine"}
@STRING{ acc = "Proc. of American Control Conf. "}
@STRING{ cdc = "Proc. of the IEEE Conf. on Decision and Control"}
@STRING{ isic = "Proc. of the IEEE International Symposium on Intelligent Control"}
@STRING{ iros = "IEEE/RSJ Int. Conf. on Intelligent Robots and Systems"}
@string{ICRA = "Proc. of the IEEE Int. Conf. on Robotics and Automation"}
@string{CVPR= "Proc. of the IEEE Conf. on Computer Vision and Pattern Recognition"}
@string{ICML="Proc. of the Int. Conf. on Machine Learning"}
@string{IJCAI="Proc. of the Int. Joint Conf. on Artificial Intelligence"}
@STRING{ ieeejra = "IEEE J. of Robotics Automation"}
@STRING{ ieeetra = "IEEE Trans. of Robotics and Automation"}
@STRING{ ieeetac = "IEEE Trans. of Automat. Contr. "}
@STRING{ ieeetcst = "IEEE Trans. of Control Systems Technology"}
@string{CVGIP="J. on Computer Vision, Graphics, and Image Processing"}
@string{spie="The Society of Photo-Optical Instrumentation Engineers"}
@STRING{ smc = "Proc. of the IEEE Conf. on System, Man, and Cybernetics"}
@STRING{ ecc = "Proc. of the European Control Conf."}
@STRING{ ascc = "Proc. of the Asian Control Conf. "}
@STRING{ cca = "Proc. of the IEEE Conf. on Control Applications"}
@STRING{ jrs = "J. of Robotic Systems "}
@STRING{ siamjco = "SIAM J. of Control and Optimization"}
@STRING{ automatica = "Automatica"}
@STRING{ cep = "Control Engineering Practice"}
@STRING{ asme_dsmc = "Trans. of ASME: J. of Dynamic Systems, Measurement, and Control"}
@STRING{ ijc = "Int. J. of Control"}
@STRING{ ieed = "IEE Proc. Pt.-D"}
@STRING{ ijss = "Int. J. of Systems Science"}
@STRING{ ijacsp = "Int. J. of Adaptive Control and Signal Processing"}
@STRING{ scl = "Systems and Control Letters"}
@STRING{ ijrnc = "Int. J. of Robust and Nonlinear Control"}
@STRING{ imajmci = "IMA J. of Math. Control and Infomation"}
@STRING{ ijrr = "Int. J. of Robotics Research"}
@STRING{ ieeetie = "IEEE Trans. of Industrial Electronics"}
@STRING{ ieeetsmc = "IEEE Trans. of Systems, Man, and Cybernetics"}



%References Cited

%[1]  
@MISC{nsf_sensor,
        author = {NSF},
        title = {National Science Foundation. Sensors and Sensor Networks. NSF Program Solicitation \#NSF 03-512.},
        howpublished = {{\tt http://www.nsf.gov/pubs/2003/nsf03512/nsf03512.htm}},
        month = {},
        year = {2003},
}

%[2]  
@ARTICLE{Qi01_survey,
        author = {Hairong Qi and S. Sitharama Iyengarb and Krishnendu Chakrabarty},
        title = {Distributed sensor networks -- a review of recent research},
        journal = {Journal of the Franklin Institute},
        year = 2001,
        volume = 338,
        number = ,
        pages = {655-668},
        month = ,
}

%[3]  
@ARTICLE{ieee_comm_survey02,
        author = {Akyildiz, I.~F. and Weilian Su and Sankarasubramaniam, Y. and Cayirci, E.},
        title = {A survey on sensor networks},
        journal = {IEEE Communications Magazine},
        year = 2002,
        volume = 40,
        number = 8,
        pages = {102-114},
        month = {August},
}

%[4]  
@ARTICLE{ieee_sp_survey02,
        author = {Kumar, S. and Feng Zhao and Shepherd, D.},
        title = {Collaborative signal and information processing in microsensor networks},
        journal = {IEEE Signal Processing Magazine},
        year = 2002,
        volume = 19,
        number = 2,
        pages = {13-14},
        month = {March},
}

%[5]   
@INPROCEEDINGS{Abdelzaher03,
        author= {Abdelzaher, T. and Stankovic, J. and Son, S. and Blum, B. and He, T. and Wood, A. and Lu, C.},
        title = {A communication architecture and programming abstractions for real-time embedded sensor networks},
        booktitle = {Proceedings of The 23rd International Conference on Distributed Computing Systems Workshops},
        year = 2003,
        editor = {},
        pages = {220-225},
}

%[6] 
@INPROCEEDINGS{Yang03,
        author= {Yang, H. and Sikdar, B.},
        title = {A protocol for tracking mobile targets using sensor networks},
        booktitle = {Proceedings of the First IEEE International Workshop on Sensor Network Protocols and Applications},
        year = 2003,
        editor = {},
        pages = {71-81},
}

%[7] Kumar, S.; Feng Zhao and Shepherd, D. Collaborative signal and information processing in microsensor networks. IEEE Signal Processing Magazine, vol. 19, no. 2, March 2002, pp. 13-14.

%[8]   
@INPROCEEDINGS{Wang03,
        author= {Wang, H. and Elson, J. and Girod, L. and Estrin, D. and Yao, K.},
        title = {Target classification and localization in habitat monitoring},
        booktitle = {Proceedings of the 2003 IEEE International Conference on Acoustics, Speech, and Signal Processing. (ICASSP '03)},
        year = 2003,
        pages = {IV\_844-IV\_847},
}

%[9] 
@INPROCEEDINGS{Whitehouse02,
        author= {K. Whitehouse and D. Culler},
        title = {Calibration as parameter estimation in sensor networks},
        booktitle = {Proceedings of the 2002 ACM International Workshop on Wireless Sensor Networks and Applications},
        year = 2002,
        editor = {},
        pages = {},
        organization = {},
        publisher = {},
        address = {Atlanta, GA.},
        month = {September},
}

%[10]  
@INCOLLECTION{Estrin03SV,
        author = {Vladimir Bychkovskiy and Seapahn Megerian and Deborah Estrin  and Miodrag Potkonjak},
        title = {A Collaborative Approach to In-Place Sensor Calibration},
        booktitle = {Proceedings of the 2nd International Workshop on Information Processing in Sensor Networks (IPSN'03),   also in volume 2634 of Lecture Notes in Computer Science},
        publisher = {Springer-Verlag},
        year = {2003},
        editor = {},
        chapter = {},
        pages = {301-316},
        address = {},
        month = {},
        }

%[11]   
@INPROCEEDINGS{Estrin01Instrumenting,
        author= {Estrin, D. and Girod, L. and Pottie, G. and Srivastava, M.},
        title = {Instrumenting the world with wireless sensor networks},
        booktitle = {Proceedings of the IEEE International Conference on Acoustics, Speech, and Signal Processing, 2001. (ICASSP '01)},
        year = 2001,
        editor = {},
        pages = {2033-2036},
        organization = {},
        publisher = {},
        address = {},
        month = {May},
}

%[12] 
@INPROCEEDINGS{Estrin02Habitat,
        author= {A. Cerpa and J. Elson and D. Estrin and L. Girod and M. Hamilton and J. Zhao},
        title = {Habitat monitoring: Application driver for wireless communications technology},
        booktitle = {Proc. of the 2001 ACM SIGCOMM Workshop on Data Communications in Latin America and the Caribbean},
        year = 2001,
        editor = {},
        pages = {},
        organization = {},
        publisher = {},
        address = {San Jose, Costa Rica},
        month = {April},
}

%[13]   
@INPROCEEDINGS{Estrin00SPIE,
        author= {Sukhatme, G.~S. and Estrin, D. and Caron, D. and Mataric, M. and Requicha, A.},
        title = {Proposed Approach for Combining Distributed Sensing, Robotic Sampling, and Offline Analysis for in situ Marine Monitoring},
        booktitle = {In Proceedings of the Advanced Environmental and Chemical Sensing Technology- SPIE 2000, Vol. 4205},
        year = 2000,
        editor = {},
        pages = {},
        organization = {},
        publisher = {SPIE},
        address = {Boston, USA},
        month = {November},
}

%[14]  
@INPROCEEDINGS{Haenggi02,
        author= {Haenggi, M. },
        title = {Mobile sensor-actuator networks: opportunities and challenges},
        booktitle = {Proceedings of the 7th IEEE International Workshop on Cellular Neural Networks and Their Applications, 2002. (CNNA 2002)},
        year = 2002,
        editor = {},
        pages = {283 -290},
        organization = {},
        publisher = {},
        address = {},
        month = {July},
}
%[15]  Kevin L. Moore. Coordination and Control of Distributed Networks of Actuated Sensors- A White Paper. March 2003. Technical Report, Center for Self-Organizing and Intelligent Systems (CSOIS), Utah State University.
@INPROCEEDINGS{MooreChen04,
        author= {Kevin~L. Moore and Yang~Quan Chen},
        title = {MODEL-BASED APPROACH TO CHARACTERIZATION OF DIFFUSION PROCESSES  VIA DISTRIBUTED CONTROL OF ACTUATED SENSOR NETWORKS },
        booktitle = {The 1st IFAC Symposium on Telematics Applications in Automation and Robotics},
        year = 2004,
        editor = {},
        pages = {},
        organization = {IFAC},
        publisher = {},
        address = {Helsinki University of Technology Espoo, Finland},
        month = "June",
}
@INPROCEEDINGS{MOORECHEN04,
        author= {Kevin~L. Moore and Yang~Quan Chen},
        title = {MODEL-BASED APPROACH TO CHARACTERIZATION OF DIFFUSION PROCESSES  VIA DISTRIBUTED CONTROL OF ACTUATED SENSOR NETWORKS },
        booktitle = {The 1st IFAC Symposium on Telematics Applications in Automation and Robotics},
        year = 2004,
        editor = {},
        pages = {},
        organization = {IFAC},
        publisher = {},
        address = {Helsinki University of Technology Espoo, Finland},
        month = "June",
}
%[16]  
@MISC{motes,
        author = {Intel},
        title = {Intel's Mote concept},
        howpublished = {{\tt http://www.intel.com/research/exploratory/motes.htm}},
        month = {},
        year = {2002},
}

%[17]  
@INPROCEEDINGS{swarm93,
        author= {Dudek, G. and Jenkin, M. and Milios, E. and Wilkes, D.},
        title = {A taxonomy for swarm robots},
        booktitle = {Proceedings of the 1993 IEEE/RSJ International Conference on Intelligent Robots and Systems, IROS '93},
        year = 1993,
        editor = {},
        pages = {441-447},
        organization = {},
        publisher = {},
        address = {},
        month = ,
}

%[18]   
@INPROCEEDINGS{swarm02,
        author= {Sugawara, K. and Watanabe, T.},
        title = {Swarming robots-foraging behavior of simple multirobot system},
        booktitle = {Proceedings of the IEEE/RSJ International Conference on Intelligent Robots and System},
        year = 2002,
        editor = {},
        pages = {2702-2707},
        organization = {},
        publisher = {},
        address = {},
        month = ,
}

%[19]   
@ARTICLE{pfpp92,
        author = {Hwang, Y. K. and Ahuja, N.},
        title = {A potential field approach to path planning},
        journal = {IEEE Transactions on Robotics and Automation},
        year = 1992,
        volume = 8,
        number = 1,
        pages = {23-32},
        month = ,
}

%[20]  
@ARTICLE{Zelek00,
        author = {Zelek, J.~S. and Levine, M.~D.},
        title = {Local-global concurrent path planning and execution},
        journal = {IEEE Transactions on Systems, Man and Cybernetics, Part A},
        year = 2000,
        volume = 30,
        number = 6,
        pages = {865-870},
        month = ,
}

%[21] 
@ARTICLE{Chuang98ieeetra,
        author = {Jen-Hui Chuang},
        title = {Potential-based modeling of three-dimensional workspace for obstacle avoidance},
        journal = {IEEE Transactions on Robotics and Automation},
        year = 1998,
        volume = 14,
        number = 5,
        pages = {778-785},
        month = "Oct.",
}

[22]x 
@ARTICLE{MasoudConstrain,
  AUTHOR =       "Samer A. Masoud and Ahmad A. Masoud",
  TITLE =        "Constrained Motion Control Using Vector Potential Fields",
  JOURNAL =      ieeesmc,
  YEAR =         "2000",
  volume =       "30",
  number =       "3",
  pages =        "251-272",
  month =        may,
  note =         "",
  abstract =     "",
  keywords =     "",
  source =       "",
  url ="",
  mynote="",
  file =
}

%[22] 
@ARTICLE{MasoudMotion,
  AUTHOR =       "Samer A. Masoud and Ahmad A. Masoud",
  TITLE =        "Motion Planning in the Presence of Directional and Regional Avoidance Constraints Using Nonlinear, Anisotropic, Harmonic Potential Fields:
A Physical Metaphor",
  JOURNAL =      "IEEE Transactions on Systems, Man and Cybernetics, Part A",
  YEAR =         "2002",
  volume =       "32",
  number =       "6",
  pages =        "705-723",
  month =        nov,
  note =         "",
  abstract =     "",
  keywords =     "",
  source =       "",
  file = 001_01177312Motion planning in the presence of directional and regional avoidance constraints using nonlinear anisotropic harmonic potential fields a physical metaphor.pdf
}

%[23]  
@ARTICLE{Yamashita03ieeetra,
        author = {Yamashita, A. and Arai, T. and Jun Ota and Asama, H. },
        title = {Motion planning of multiple mobile robots for Cooperative manipulation and transportation},
        journal = {IEEE Transactions on Robotics and Automation},
        year = 2003,
        volume = 19,
        number = 2,
        pages = {223-237},
        month = "April",
}

%[24]  
@BOOK{Curtain_SVbook95,
        author = {Curtain, R.~F.  and Zwart, H.~J.},
        title = {An Introduction to Infinite Dimensional Linear Systems Theory},
        publisher = {Springer-Verlag},
        year = 1995,
        volume = {},
        series = {},
        address = {New York},
        edition = {},
        month = {},
}

%[25] A. El Jai 
@BOOK{Jai_JWbook88,
        author = {A. El Ja{\"{i}}  and A. J. Pritchard},
        title = {Sensors and Controls in the Analysis of Distributed Systems},
        publisher = {John Wiley},
        year = 1988,
        volume = {},
        series = {},
        address = {New York},
        edition = {},
        month = {},
}

%[25]-01
@INPROCEEDINGS{BernoussiDist,
  AUTHOR =       "A. Bernoussi and A. El Ja{\"{i}}",
  TITLE =        "Distributed parameter systems spreadability and evolving interfaces",
  BOOKTITLE =    "14th Int. Symposium on Mathematical Theory of Networks and Systems",
  YEAR =         "2000",
  editor =       "",
  volume =       "",
  number =       "",
  series =       "",
  pages =        "",
  address =      "Perpignan, France",
  month =        jun,
  organization = "",
  publisher =    "",
  note =         "",
  abstract =     "",
  keywords =     "",
  url ="http://www.univ-perp.fr/mtns2000/articles/B240.pdf",
  mynote="Talk about wave equation. The authors also used cellar automata, rather then PDE to model distributed parameter systems. It is not very related to MAS-net. So I didn't read more",
  file =
}

[26]  
@ARTICLE{scanning_sensors_ac92,
        author = {K. Yoshii and K. Hakomori},
        title = {Feedback stabilization of linear diffusion systems with periodically scanning sensors},
        journal = {IEEE Trans. Automat. Contr.},
        year = 1992,
        volume = 37,
        number = ,
        pages = {1019-1022},
        month = {July},
}

%[27]  
@ARTICLE{Sakawa74,
        author = {Y. Sakawa},
        title = {Controllability for partial differential equations of parabolic type},
        journal = {SIAM J. Optim. Contr.},
        year = 1974,
        volume = 12,
        number = ,
        pages = {389-400},
        month = ,
}

%[28]
@ARTICLE{Sakawa75,
        author = {Y. Sakawa},
        title = {Observability and related problems for partial differential equations of parabolic type},
        journal = {SIAM J . Optim. Contr.},
        year = 1975,
        volume = 13,
        number = ,
        pages = {14-27},
        month = ,
}
 

%[29]  
@ARTICLE{Jai_ijc95,
        author = {A. El Ja{\"{i}} and Simon, M.~C. and Zerrik, E. and Pritchard, A. J.},
        title = {Regional controllability of distributed parameter systems},
        journal = {International Journal of Control},
        year =  1995,
        volume = 62,
        number = ,
        pages = {1351-1365},
        month = ,
}

%[30]   
@ARTICLE{Jai_ijss94,
        author = {Amourous, M. and A. El Ja{\"{i}} and Zerrik, E.},
        title = {Regional observability of distributed systems},
        journal = {International Journal of Systems Sciences},
        year = 1994,
        volume = 25,
        number = ,
        pages = {301-313},
        month = ,
}

%[31] 
@INPROCEEDINGS{Virk98,
        author= {Virk, G.~S. and Kadar, E.~E.},
        title = {Co-operative navigation for target searching in a diffusion field},
        booktitle = {Proceedings of the 1998 IEEE International Conference on Control Applications},
        year = 1998,
        editor = {},
        pages = {423-427},
        organization = {},
        publisher = {},
        address = {},
        month = "Sept.",
}

%[32]  
@INPROCEEDINGS{Trevai02,
        author= {Trevai, C. and Fukazawa, Y. and Yuasa, H. and Jun Ota and Arai, T. and Asama, H.},
        title = {Cooperative exploration path planning for mobile robots by reaction-diffusion equation on graph},
        booktitle = {Proceedings of the 2002 IEEE International Conference on Industrial Technology, IEEE ICIT '02},
        year = 2002,
        editor = {},
        pages = {1266-1271},
        organization = {IEEE},
        publisher = {},
        address = {},
        month = "Dec.",
}

%[33]   
@ARTICLE{Arena99cas1,
        author = {Arena, P. and Fortuna, L. and Branciforte, M.},
        title = {Reaction-diffusion {CNN} algorithms to generate and control artificial locomotion},
        journal = {IEEE Transactions on Circuits and Systems I: Fundamental Theory and Applications},
        year = 1999,
        volume = 46,
        number = 2,
        pages = {253-260},
        month = "Feb.",
}

%[34]  
@INPROCEEDINGS{Arai93smc,
        author= {Arai, T. and Yoshida, E. and Ota, J.},
        title = {Information diffusion by local communication of multiple mobile robots},
        booktitle = {Proceedings of the International Conference on Systems, Man and Cybernetics: 'Systems Engineering in the Service of Humans'},
        year = 1993,
        editor = {},
        pages = {535-540},
        organization = {IEEE},
        publisher = {},
        address = {},
        month = "Oct.",
}

%[35]  
@INPROCEEDINGS{Schmidt92,
        author= {Schmidt, G.~K. and Azarm, K.},
        title = {Mobile Robot Navigation in a Dynamic World Using An Unsteady Diffusion Equation Strategy},
        booktitle = {Proceedings of the 1992 lEEE/RSJ International Conference on Intelligent Robots and Systems},
        year = 1992,
        editor = {},
        pages = {642-647},
        organization = {},
        publisher = {},
        address = {},
        month = "July",
}

%[36]  
@BOOK{Rahn_book01,
        author = {Christopher D. Rahn},
        title = {Mechatronic Control of Distributed Noise and Vibration: A Lyapunov Approach},
        publisher = {Springer Verlag},
        year = 2001,
        volume = {},
        series = {},
        address = {},
        edition = {},
        month = {September},
}


%[37]  
@BOOK{Bao-Zhu_book99,
        author = {Zheng-Hua Luo and Bao-Zhu Guo and Omer Morgul},
        title = {Stability and Stabilization of Infinite Dimensional Systems With Applications},
        publisher = {Springer Verlag},
        year = 1999,
        volume = {},
        series = {Communications and Control Engineering Series},
        address = {},
        edition = {},
        month = {August},
}

%[38]  
@ARTICLE{Demetriou00JCAM,
        author = {F. Fahroo and M.~A. Demetriou},
        title = {Optimal Location of Sensors and Actuators for an Active Noise Control Problem},
        journal = {Journal of Computational and Applied Mathematics},
        year = 2000,
        volume = 114,
        number = 1,
        pages = {137-158},
        month = ,
}

%[39] 
@inproceedings{liang:new03,
author  = "J. Liang and YangQuan Chen and Baozhu Guo",
title   = "A New Boundary Control Method for Beam Equation With Delayed Boundary Measurement Using Modified Smith Predictors",
booktitle   = "Proceedings of the 42nd IEEE Conference on Decision and Control",
year    = "2003",
pages   = "809--814",
        address = {Maui, Hawaii, USA},
        month ="Dec.",
}

%[40]  
@inproceedings{Gorinevsky_cdc01,
author  = "Gorinevsky, D. and Hyde, T. and Cabuz, C.",
title   = "Distributed shape control of lightweight space reflector structure",
booktitle   = "Proceedings of the 40th IEEE Conference on Decision and Control",
year    = "2001",
pages   = "3850--3855",
        address = {Orlando, Florida, USA},
        month ="Dec.",
}

%[41]   
@inproceedings{Mainardi_cdc97,
author  = "Mainardi, F. and Paradisi, P.",
title   = "A model of diffusive waves in viscoelasticity based on fractional calculus",
booktitle   = "Proceedings of the 36th IEEE Conference on Decision and Control",
year    = "1997",
pages   = "4961-4966",
        address = { },
        month ="Dec.",
}

%[42]    
@INPROCEEDINGS{blas_chen_cdctw02,
        author = {Vinagre, Blas~M. and Chen, YangQuan},
        title = {Lecture Notes on Fractional   Calculus Applications in Automatic Control and Robotics},
        booktitle = {The 41st IEEE
  CDC2002 Tutorial Workshop \# 2},
        year = 2002,
        editor = {Vinagre, Blas~M. and Chen, YangQuan},
        pages = {1-310. [Online] \texttt{http://mechatronics.ece.usu.edu} \texttt{/foc/cdc02\_tw2\_ln.pdf}},
        address = {Las Vegas, Nevada, USA},
}

%[43]    
@ARTICLE{chen_nd02,
        author = {Yangquan Chen and Kevin L. Moore},
        title = {Analytical stability bound for a class of delayed fractional-order dynamic systems},
        journal = {Nonlinear Dynamics, An International Journal of Nonlinear Dynamics and Chaos in Engineering Systems, Kluwer Academic Publishers},
        year = 2002,
        volume = 29,
        pages = {191-200},
}

%[44]  
@INPROCEEDINGS{Podlubny_cdc99,
        author= {Podlubny, I. and Dorcak, L. and Kostial, I.},
        title = {On fractional derivatives, fractional-order dynamic systems and {PI}$^\lambda${D}$^\mu$-controllers},
        booktitle = {Proceedings of the 36th IEEE Conference on Decision and Control},
        year = 1997,
        pages = {4985-4990},
        organization = {IEEE},
        month = {Dec.},
}

%[45] %% ODV
@article{moore_csm,
    author={K. L. Moore and N. S. Flann},
    title={A six-wheeled omnidirectional autonomous mobile robot},
    journal=ics, 
    volume= 20,
    year= 2000,
    pages={53-66},
    month=Dec,
    number= 6 
}

%[46]  
@MISC{csois_technology,
        author = {Kevin L. Moore},
        title = {Omni-directional vehicle ({ODV}) technology of the {C}enter for {S}elf-{O}rganizing and {I}ntelligent {S}ystems (CSOIS), {U}tah {S}tate {U}niversity},
        howpublished = {{\tt http://www.csois.usu.edu/technology/}},
        month = {},
        year = {2002},
}
%[47] 
@MISC{csois_history,
        author = {Kevin L. Moore},
        title = {The history of the {C}enter for {S}elf-{O}rganizing and {I}ntelligent {S}ystems (CSOIS), {U}tah {S}tate {U}niversity},
        howpublished = {{\tt http://www.csois.usu.edu/about/history/}},
        month = {},
        year = {2002},
}

%[48] 
@ARTICLE{chen_ijc02,
        author = {YangQuan Chen and Kevin L. Moore},
        title = {A practical iterative learning path following control of an omni-directional vehicle},
        journal = {Asian Journal of Control},
        year = 2002,
        volume = 4,
        number = 1,
        pages = {90-98},
}

%[49]
@INPROCEEDINGS{lili02visualservo,
    AUTHOR = {Lili Ma and Matthew Berkemeier and YangQuan Chen and Morgan Davidson and Vikas Bahl},
    TITLE = {Wireless visual servoing for {ODIS}: an under car inspection mobile robot},
    BOOKTITLE = {Proceedings of the 15th IFAC Congress},
    YEAR = {2002},
    organization = {IFAC},
}

%[50] 
@INPROCEEDINGS{Song02,
  AUTHOR =       "Zhen Song and YangQuan Chen and Lili Ma and You Chung Chung",
  TITLE =        "Some Sensing and Perception Techniques for an Omni-directional 
  Ground Vehicles with a Laser Scanner",
  BOOKTITLE =    isic,
  YEAR =         "2002",
  address =      "Vancouver, British Columbia",
  month =        Oct,
  organization = "IEEE",
}

%[51] 
@INPROCEEDINGS{berkemeier01visualservo,
    AUTHOR = {Matthew Berkemeier and Morgan Davidson and Vikas Bahl and YangQuan Chen and Lili Ma},
    TITLE = {Visual servoing of an omnidirectional mobile robot for alignment with parking lot lines},
    BOOKTITLE = {Proceedings of the IEEE Int. Conf. Robotics and Automation (ICRA'02)},
    YEAR = {2002},
    organization = {IEEE},
    pages = {4204-4210},
}

%[52]
@InProceedings{Song_SPIE03,
  author    = "Z. Song and K.~L. Moore and Y.~Q. Chen  and V. Bahl",
  booktitle = "Proceedings of SPIE vol. 5083. Unmanned Ground Vehicle Technology V, Guidance, Navigation, and GPS Technologies, AeroSense- Technologies and Systems for Defense \& Security",
  title     = "Two-Dimensional Laser Servoing for Precision Motion Control of an {ODV} Robotic License Plate 
Recognition System",
  pages     = "5083-47",
  year      = "2003"
}    

%[53]
@INBOOK{chen_riots95,
        author = {YangQuan Chen and Adam L. Schwartz},
        title = {Recent Developments in Optimization and Optimal Control in Chemical Engineering},
        chapter = {{RIOTS\_95} - a {MATLAB} Toolbox for Solving General Optimal Control Problems And Its Applications to Chemical Processes},
        pages = {r},  # Use either or both
        publisher = {Rein Luus Editor, Transworld Research Publishers},
        year = {2002},
        address = {{\tt http://www.csois.usu.edu/ilc/riots/}},
        }

@inproceedings{odis_spie01,
    author={Moore, K. and Flann, N. and Rich, S. and Frandsen, M. and Chung, Y. and Martin,
        J. and Davidson, M. and Maxfield, R. and Wood, C.},
    title={Implementation of an Omni-directionsl Robotic Inspection System ({ODIS})},
    booktitle={Proc. of SPIE Conf. on Robotic and Semi-Robotic Ground Vehicle Tech.},
    year={2001},
    month=may,
    address={Orlando, FL.},
    organization={SPIE}
}

 

@BOOK{CallawaySensorNet,
  AUTHOR =       "Edgar Callaway",
  editor =       "",
  TITLE =        "Wireless Sensor Networks: Architectures and Protocols",
  PUBLISHER =    "CRC Press",
  YEAR =         "2003",
  volume =       "",
  number =       "",
  series =       "",
  address =      "Boca Raton, FL, USA",
  edition =      "",
  month =        "",
  note =         "",
  abstract =     "",
  isbn =         "0849318238",
  price =        "",
  keywords =     "",
  source =       "",
  url ="",
  mynote="",
  file = F
}

@ARTICLE{GharaviSensornet,
  AUTHOR =       "Hamid Gharavi and Srikanta P. Kumar",
  TITLE =        "Special Issue on Sensor Networks and Applications",
  JOURNAL =      "IEEE Proceedings",
  YEAR =         "2003",
  volume =       "91",
  number =       "8",
  pages =        "",
  month =        aug,
  note =         "",
  abstract =     "",
  keywords =     "",
  source =       "",
  file =
  This issue is specified in sensor network. This is the introduction article.
}


@ARTICLE{ChongSensornet,
  AUTHOR =       "Chee-Yee Chong and Srikanta Pumar",
  TITLE =        "Sensor Networks: Evolution, Opportunities, and Challenges",
  JOURNAL =      "IEEE Proceedings",
  YEAR =         "2003",
  volume =       "91",
  number =       "8",
  pages =        "1247-1256",
  month =        aug ,
  note =         "",
  abstract =     "",
  keywords =     "",
  source =       "",
  file = F
  Short survey and history review
}

@ARTICLE{ZhaoColl,
  AUTHOR =       "Feng Zhao and Jie Liu and Juan Liu and Leonidas Guibas and James Reich",
  TITLE =        "Collaborative Signal and Information Processing: An Information-Directed Approach",
  JOURNAL =      "IEEE Proceedings",
  YEAR =         "2003",
  volume =       "91",
  number =       "8",
  pages =        "1199-1209",
  month =        aug,
  note =         "",
  abstract =     "",
  keywords =     "",
  source =       "",
  file = F
  wireless sensor network: pobability model, (not plant model), general sensor, MICA board
}


@ARTICLE{SinopoliDist,
  AUTHOR =       "Bruno Sinopoli and Courtney Sharp and Luca Schenato and Shawn Schaffert and Shanker Sastry",
  TITLE =        "Distributed Control Applications Within Sensor Networks",
  JOURNAL =      "IEEE Proceedings",
  YEAR =         "2003",
  volume =       "91",
  number =       "8",
  pages =        "1235-1249",
  month =        aug,
  note =         "",
  abstract =     "",
  keywords =     "",
  source =       "",
  file = 01219474.pdf
  MICA2, Berkeley EECS dept., similar to MASnet, dist. controllers, pursuit-evation game (PEG) application,
}


@ARTICLE{GharaviMultihop,
  AUTHOR =       "Hamid Gharavi and Koichiro Ban",
  TITLE =        "Multihop Sensor Network Design for Wide-Band Communications",
  JOURNAL =      "IEEE Proceedings",
  YEAR =         "2003",
  volume =       "91",
  number =       "8",
  pages =        "1235-1249",
  month =        aug,
  note =         "",
  abstract =     "",
  keywords =     "",
  source =       "",
  file = 01219473.pdf
  talks about communication, not of my interest.
}


@ARTICLE{QiMobile,
  AUTHOR =       "Hairong Qi and Yingyue Xu and Xiaoling Wang",
  TITLE =        "Mobile-agent-based collaborative signal and information processing in sensor networks",
  JOURNAL =      "IEEE Proceedings",
  YEAR =         "2003",
  volume =       "91",
  number =       "8",
  pages =        "1172-1183",
  month =        aug,
  note =         "",
  abstract =     "",
  keywords =     "",
  source =       "",
  file = 01219469.pdf
  collaborative signal and information processing (CSIP) idea: discuss the communication configuration (centralized vs. distributed) by consider the engery constrains. Simulated (by GloMoSim) and test (by 802.11 WLAN). Simulated upto 100 notes.
}

  
@ARTICLE{SestokRandom,
  AUTHOR =       "C.~K. Sestok and M.~R. Said and A.~V. Oppenheim",
  TITLE =        "Randomized data selection in detection with applications to distributed signal processing",
  JOURNAL =      "IEEE Proceedings",
  YEAR =         "2003",
  volume =       "91",
  number =       "8",
  pages =        "1184-1198",
  month =        aug,
  note =         "",
  abstract =     "",
  keywords =     "",
  source =       "",
  file = F
  more like sensor array not sensor network. They assume 1. distribution of the target is symetric w.r.t the origin, and 2. many many static sensors. We validate their theory by sinusoid signals.
}


@MISC{nesC,
  author =       "",
  title =        "{nesC}",
  howpublished="\url{http://nescc.sourceforge.net/}",
  url="http://nescc.sourceforge.net/"
}

@MISC{TOS,
  author =       "",
  title =        "{TinyOS}",
  howpublished="\url{http://webs.cs.berkeley.edu/tos/}",
  url="http://webs.cs.berkeley.edu/tos/"
}

@MISC{cotsbots,
  author =       "S. Bergbreiter and K. Pister",
  title =        "{COTS-BOTS}",
  howpublished="\url{http://www-bsac.eecs.berkeley.edu/~sbergbre/CotsBots/cotsbots.html}",
  url="http://www-bsac.eecs.berkeley.edu/~sbergbre/CotsBots/cotsbots.html"
}

@MISC{mica2,
  author =       "",
  title =        "{Crossbow, Inc., MICA2}",
  howpublished="\url{http://www.xbow.com/Products/productsdetails.aspx?sid=72}",
  url="http://www.xbow.com/Products/productsdetails.aspx?sid=72"
}


@MISC{atmega128,
  author =       "",
  title =        "{ATMEL, Inc., Atmega128}",
  howpublished="\url{http://www.atmel.com/dyn/products/product_card.asp?part_id=2018}",
  url="http://http://www.atmel.com/dyn/products/product_card.asp?part_id=2018"
} 


@MISC{mark3,
  author =       "",
  title =        "{Mark III Robot}",
  howpublished="\url{http://www.junun.org/MarkIII/Store.jsp}",
  url="http://www.junun.org/MarkIII/Store.jsp"
} 

@ARTICLE{Jai_ieeetac95,
        author = {A. El Ja{\"{i}} and Zerrik, E. and Simon, M.~C. and  Amouroux, M.},
        title = {Regional observability of a thermal process},
        journal = {IEEE Transactions on Automatic Control},
        year =  1995,
        volume = 40,
        number = 3,
        pages = {518 - 521},
        month = "March",
}

@ARTICLE{Jai_ijss00,
        author = {Zerrik, E. and A. Boutoulout   and A. El Ja{\"{i}}  },
        title = {Actuators and regional boundary controllability of parabolic systems},
        journal = {International Journal of Systems Sciences},
        year = 2000,
        volume = 31,
        number = 1,
        pages = {73 -- 82},
        month = ,
}

@ARTICLE{Jai_ijss01,
        author = {A. Bernoussi and A. El Ja{\"{i}}    and  A.~J. Pritchard},
        title = {Spreadability and evolving interfaces},
        journal = {International Journal of Systems Sciences},
        year = 2001,
        volume = 32,
        number = 10,
        pages = {1217--1232},
        month = ,
}


@ARTICLE{Jai_ijss02,
        author = {L. Afifi and A. Chafiai   and A. El Ja{\"{i}}  },
        title = {Regionally efficient and strategic actuators},
        journal = {International Journal of Systems Sciences},
        year = 2002,
        volume = 33,
        number = ,
        pages = {301-313},
        month = ,
}

@ARTICLE{Jai_ijss02a,
        author = {R. Al-Saphory and   A. El Ja{\"{i}}  },
        title = {Asymptotic regional state reconstruction},
        journal = {International Journal of Systems Sciences},
        year = 2002,
        volume = 33,
        number = 13,
        pages = {1025--1037},
        month = ,
}

@ARTICLE{Jai_ijamcs93,
        author = {A. El Ja{\"{i}}  and El Yacoubi},
        title = {On the number of actuators in a parabolic system },
        journal = {Int. J. of Applied Mathematics and Computer Science},
        year = 1993,
        volume = 3,
        number = 4,
        pages = {673--686},
        month = ,
}

@ARTICLE{Jai_ijamcs00,
        author = {Zerrik, E., and Badraoui, L.},
        title = {Sensors characterization for regional boundary observability},
        journal = {Int. J. of Applied Mathematics and Computer Science},
        year = 2000,
        volume = 10,
        number = ,
        pages = {345-356},
        month = ,
}

@ARTICLE{Jai_ijamcs01,
        author = {Afifi, L. and  A. El Ja{\"{i}}  and Merry, M.  },
        title = {Region detection and reconstruction of unknown internal or boundary sources
},
        journal = {Int. J. of Applied Mathematics and Computer Science},
        year = 2001,
        volume = 11,
        number = ,
        pages = {319-348},
        month = ,
}
 

@ARTICLE{Jai_ijsa93,
        author = {A. El Ja{\"{i}}  and Simon, M.~C.  and Zerrik, E.   },
        title = {Regional observability and sensors structures},
        journal = {International Journal of Sensors and Actuators},
        year = 1993,
        volume = "39",
        number = ,
        pages = {95-102},
        month = ,
}

@ARTICLE{Jai_ijsa01a,
        author = {R. Al-Saphory  and  A. El Ja{\"{i}}     },
        title = {Sensors structures and regional detectability of parabolic distributed systems},
        journal = {International Journal of Sensors and Actuators},
        year = 2001,
        volume = "A90",
        number = ,
        pages = {163-171},
        month = ,
}

@ARTICLE{Jai_ijsa01b,
        author = {R. Al-Saphory  and  A. El Ja{\"{i}}     },
        title = {Sensors characterizations for regional boundary detectability of distributed parameter  systems},
        journal = {International Journal of Sensors and Actuators},
        year = 2001,
        volume = "A94",
        number = ,
        pages = {1--10},
        month = ,
}


@ARTICLE{Gressang_ieeetac75,
        author = {Gressang, R.  and Lamont, G.},
        title = {Observers for systems characterized by semigroups},
        journal = {IEEE Transactions on Automatic Control},
        year =  1975,
        volume = 20,
        number =  ,
        pages = {523-528},
        month = "March",
}


@ARTICLE{Kitamura_eej72,
        author = {Kitamura, S. and Sakairi, S.  and Nishimura, M.},
        title = {Observer for distributed-parameter diffusion systems},
        journal = {Electrical Engineering in Japan},
        year =  1972,
        volume = 92,
        number =  ,
        pages = {142-149},
        month = "",
} 
 



@ARTICLE{Zerrik_ijamcs03,
        author = {Zerrik, El Hassane and Bourray, Hamid},
        title = {Gradient observability  for diffusion systems},
        journal = {International Journal of Applied Mathematics and Computer Science},
        year = 2003,
        volume = "13",
        number = 2,
        pages = {139--150},
        month = ,
}
 
 
@ARTICLE{Zerrik_ijamcs99,
        author = {Zerrik, El Hassane and Boutoulout, A. and Kamal, A.},
        title = {Regional gradient controllability  for parabolic  systems},
        journal = {International Journal of Applied Mathematics and Computer Science},
        year = 1999,
        volume = "9",
        number = 4,
        pages = {767--787},
        month = ,
}



@inproceedings{masnet_spie04a,
    author={Moore, Kevin L. and Chen, Yang Quan and Song, Zhen},
    title={Diffusion based path planning in mobile actuator-sensor networks ({MAS}-net) - some preliminary results},
    booktitle={Proc. of SPIE Conf. on Intelligent Computing: Theory and Applications II, part of SPIE's Defense and Security},
    year={2004},
    month="April",
    address={Orlando, FL., USA},
    organization={SPIE}
}

@inproceedings{masnet_spie04b,
    author={Chen, Yang Quan and Moore, Kevin L. and Song, Zhen},
    title={Diffusion Boundary Determination and Zone Control Via Mobile Actuator-Sensor Networks ({MAS}-net) --  Challenges and Opportunities},
    booktitle={Proc. of SPIE Conf. on Intelligent Computing: Theory and Applications II, part of SPIE's Defense and Security},
    year={2004},
    month="April",
    address={Orlando, FL., USA},
    organization={SPIE}
}


@ARTICLE{Rouchon_ijamcs01,
        author = {Pierre Rouchon},
        title = {Motion planning, equivalence, infinite dimentional systems},
        journal = {International Journal of Applied Mathematics and Computer Science},
        year = 2001,
        volume = "11",
        number = 1,
        pages = {165-188},
        month = ,
}

@ARTICLE{ZERRIK_ijc03,
        author = {E. Zerrik and M. Ouzahra },
        title = {Regional stabilization for {infinite}-dimensional systemss},
        journal = {International Journal of Control},
        year = 2003,
        volume = "76",
        number = 1,
        pages = {73--81},
        month = ,
}

@ARTICLE{Millibots,
  AUTHOR =       "Luis E. Navarro-Serment and Robert Grabowski and Christiann J.J. Paredis and Pradeer K. Khosla",
  TITLE =        "Millibots ",
  JOURNAL =      "IEEE Robotics and Automation Magzine",
  YEAR =         "2002",
  volume =       "",
  number =       "",
  pages =        "31-40",
  month =        dec,
  note =         "",
  abstract =     "",
  keywords =     "",
  source =       "",
  url ="",
  mynote="ATV (all terrain vehicle)",
  file = 01160069Millibots.pdf
}

 

@BOOK{Jai_book88,
        author = {El Jai, A., and Pritchard, A. J.},
        title = {Sensors and Actuators in Distributed Systems Analysis},
        publisher = {Ellis Horwood, John Wiley},
        year = 1988,
        volume = {},
        series = {Ellis Horwood Series in Applied Mathematics},
        address = {Chichester, West Sussex: Ellis Horwood},
        edition = {},
        month = {},
} 
 
@MISC{Moore_whitepaper0303,
        author = {Kevin L. Moore},
        title = {Coordination and Control of Distributed Networks of Actuated Sensors -- A White Paper},
        howpublished = {Technical Report, Center for Self-Organizing and Intelligent Systems (CSOIS), Utah State University, \ {\tt http://www.engineering.usu.edu/ece/faculty/moorek/mooreweb.html}},
        month = {March},
        year = {2003},
}

@ARTICLE{WPT_ieee_tia95,
        author = {K.~W. Klontz and D.~M. Divan and D.~W. Novotny and R.~D. Lorenz},
        title = {Contactless power delivery system for mining applications},
        journal = {IEEE Trans. on Industry Applications},
        year = 1995,
        volume = "31",
        number = 1,
        pages = {27-35},
        month = "Jan.",
}

 
@ARTICLE{WPT_ieee_mvm02,
        author = {James O. McSpadden and John C. Mankin},
        title = {Space solar power programs and microwave wireless power transmission technology},
        journal = {IEEE Microwave Magazine},
        year = 2002,
        volume = "",
        number = "",
        pages = {46-57},
        month = "Dec.",
}


@inproceedings{WPT_Hu2002,
    author={S. Hussmann and P.~A. Hu},
    title={A Micro-computer Controlled ICPT Power Pick-up and Its EMC Considerations for Moving Sensor Applications},
    booktitle={Proceedings of PowerCon},
    year={2002},
    organization={IEEE}
}
