@BOOK{moderncontroltheory,
      author    = {William L. Brogan},
      title     = {Modern Control Theory},
      publisher = {Quantum Publishers, Inc.},
      address   = {New York, NY},
      year      = {1974}
}

@BOOK{clo-fred,
      author    = {Charles M. Close and Dean K. Frederick},
      title     = {Modeling and Analysis of Dynamic Systems},
      publisher = {Houghton Mifflin Company, 2$^{nd}$ Edition},
      address   = {Boston, MA},
      year      = {1993}
}

@BOOK{roboticsbook,
      author    = {John .J Craig},
      title     = {Introduction to Robotics: Mechanics and Control},
      publisher = {Addison-Wesely,  2$^{nd}$ Edition},
      address   = {Reading, MA},
      year      = {1978}
}

@BOOK{wheelstuff,
      author    = {J.Y. Wong},
      title     = {Theory of Ground Vehicles},
      publisher = {Wiley},
      address   = {New York, NY},
      year      = {1978}
}

@BOOK{murraylisastry,
      author    = {Richard M. Murray and Zexiang Li and S. Shankar Sastry},
      title     = {A Mathematical Introduction to Robotic Manipulation},
      publisher = {CRC Press},
      address   = {Washington, D.C.},
      year      = 1994}
}

@BOOK{sensorandActuators,
      author    = {Ilene J. Busch - Vishniac},
      title     = {Electromechanical Sensors and Actuators},
      publisher = {Springer},
      address   = {New York, NY},
      year      = {1998}
}

@BOOK{friedland,
      author    = {Bernard Friedland},
      title     = {Control System Design - An Introduction To State-Space Methods},
      publisher = {McGraw-Hill, Inc.},
      address   = {New York, NY},
      year      = {1986}
}

@book{pidbook,
      author    = "K. J. Astrom and T. Hagglund",
      title     = "PID Controllers: Theory, Design and Tuning",
      publisher = "The International Society for Measurement and Control, $2^{nd}$ Edition",
      address   = "Research Triangle Park, NC",
      year      = "1994"}

@BOOK{bckuo,
      author    = {Benjamin C. Kuo},
      title     = {Automatic Control Systems},
      publisher = {Prentice Hall, $6^{th}$ Edition},
      address   = {Englewood Cliffs, NJ},
      year      = {1991}
}

@BOOK{khalil,
      author    = {H. K. Khalil},
      title     = {Nonlinear Systems},
      publisher = {Prentice Hall},
      address   = {Englewood Cliffs, NJ},
      year      = {1996}
}


@INCOLLECTION{y1fr,
		AUTHOR    = {Kevin L. Moore},
		YEAR      = {1999},
		TITLE     = {},
		BOOKTITLE = {Year {I} Final Report for the Lightweight Robotic and Semiautonomous Ground Vehicle Mobility and Survivability Enhancements Program},
		EDITOR    = {Kevin L. Moore},
		PUBLISHER = {Center for Self-Organizing and Intelligent Systems},
		ADDRESS	  = {Logan, UT}
}

@INCOLLECTION{y2fr,
		AUTHOR    = {Kevin L. Moore},
		YEAR      = {2000},
		TITLE     = {},
		BOOKTITLE = {Year {II} Final Report for the Lightweight Robotic and Semiautonomous Ground Vehicle Mobility and Survivability Enhancements Program},
		EDITOR    = {Kevin L. Moore},
		PUBLISHER = {Center for Self-Organizing and Intelligent Systems},
		ADDRESS	  = {Logan, UT}
}

@INCOLLECTION{y3fr,
		AUTHOR    = {Kevin L. Moore},
		YEAR      = {2001},
		TITLE     = {},
		BOOKTITLE = {Year {III} Final Report for the Lightweight Robotic and Semiautonomous Ground Vehicle Mobility and Survivability Enhancements Program},
		EDITOR    = {Kevin L. Moore},
		PUBLISHER = {Center for Self-Organizing and Intelligent Systems},
		ADDRESS	  = {Logan, UT}
}

@INCOLLECTION{spaceatt,
  		AUTHOR    = {Gyanendra K. Tandon},
  		YEAR      = {1991},
  		TITLE     = {Coordinate Transformations},
  		BOOKTITLE = {Spacecraft Attitude Determination and Control},
  		EDITOR    = {J.~R. Wertz},
  		PUBLISHER = {Kluwer Academic Publishers},
		ADDRESS	  = {Norwell, MA}
}

@ARTICLE{shuster,
        author  = {Malcom Shuster},
        title   = {A survey of attitude representations},
        journal = {Journal of the Astronautical Sciences},
        year    = {1993},
        volume  = {41},
        pages   = {439-517 },
        month   = {October-December}
}

@ARTICLE{moore_csm,
        author  = {K. L. Moore and N. S. Flann},
        title   = {A six-wheeled omnidirectional autonomous mobile robot},
        journal = {IEEE Control Systems Magazine},
        year    = {2000},
        volume  = {20},
        number  = 6,
        pages   = {53-66},
        month   = {December},
}


@inproceedings{usut1acc2000,
	     author    = "Kevin L. Moore and Morgan Davidson and Vikas Bahl and Shayne Rich and Stephan Jirgal",
	     title     = "Modelling and Control of a Six-Wheeled Autonomous Robot",
	     booktitle = "Proceedings of the 2000 American Control Conference",
	     pages     = "1483--1490",
	     month     = "June",
	     year      = 2000}

@inproceedings{t2mobility,
	     author    = "Morgan Davidson and Vikas Bahl and Carl Wood",
	     title     = "Utah {S}tate {U}niversity's {T}2 {ODV} Mobility Analysis",
	     booktitle = "Proceedings of SPIE Conference on Unmanned Ground Vehicle Technology II",
	     volume    = 4024,
	     pages     = "96--105",
	     month     = "April",
	     year      = 2000}

@inproceedings{t3zheight,
	     author    = "Shayne C. Rich and Carl Wood and Jared Keller",
	     title     = "{ODV} Mobility Enhancement Using Active Height Control",
	     booktitle = "Proceedings of SPIE Conference on Unmanned Ground Vehicle Technology II",
	     volume    = 4024,
	     pages     = "137--145",
	     month     = "April",
	     year      = 2000}

@inproceedings{odislili,
	     author    ="N. S. Flann and Kevin L. Moore and Lili Ma",
	     title     ="A Small Mobile Robot For Security And Inspection Operations",
	     booktitle ="$1^{st}$IFAC Conference on Telematics Applications in Automation and Robotics",
	     pages     = "116--121",
	     month     ="July",
	     year      =2001}

@inproceedings{t2wmrmech,
		author    = "Carl Wood and Morgan Davidson and Shayne C. Rich and Jared Keller",
     	title     = "T2 {O}mni-{D}irectional {V}ehicle {M}echanical {D}esign",
     	booktitle = "SPIE Conference on Mobile Robots XIV",
     	volume    = 3838,
     	pages     = "69--77",
     	month     = "September",
     	year      = 1999}

@inproceedings{odiswmrdesign,
	     author    = "Kevin L. Moore and N. S. Flann and Shayne C. Rich and Monte Frandsen and Y. C. Chung and Jason Martin and Morgan Davidson and Russell Maxfield and Carl Wood",
	     title     = "Implementation of an {O}mni-directional {R}obotic {I}nspection {S}ystem ({ODIS})",
	     booktitle = "Proceedings of Unmanned Ground Vehicle Technology III, SPIE $15^{th}$ Annual Aerosense Symposium",
	     volume    = 4364,
	     pages     = "131--141",
	     month     = "April",
	     year      = 2001}

@inproceedings{donspaper,
	     author    = "Melwin.W. Torrie and Ralf. Koch and Vikas. Bahl and Don. Cripps",
	     title     = "Ultra - Maneuverable Steering Control Algorithms for Terrain Transitions",
	     booktitle = "SPIE Conference on Unmanned Ground Vehicle Technology",
	     volume    = 3693,
	     pages     = "66--78",
	     month     = "April",
	     year      = 1999}
     	
@inproceedings{donpath,
	     author    = "Don. Cripps",
	     title     = "Spatially-Robust Vehicle Path Tracking Using Normal Error Feedback",
	     booktitle = "Proceedings of Unmanned Ground Vehicle Technology III, SPIE $15^{th}$ Annual Aerosense Symposium",
	     volume    = 4364,
	     pages     = "142--158",
	     month     = "April",
	     year      = 2001}

@inproceedings{pecondition,
     	author    = "Warren E. Dixon and Darren M. Dawson and Fumin Zhang and Erkan Zergeroglu",
     	title     = "Global Exponential Tracking Control of a Mobile Robot System via a {PE} Condition",
     	booktitle = "IEEE Transactions on Systems, Man, and Cybernetics - Part B:",
     	volume    = 30,
     	pages     = "129--142",
     	month     = "February",
     	year      = 2000}

@inproceedings{modularwmr,
	     author    = "Atthur .G .O Mutambara and Hugh .F Durrant-Whyte",
	     title     = "Estimation and Control of a Modular Wheeled Mobile Robot",
	     booktitle = "IEEE Transactions on Control Systems Technology",
	     volume    = 8,
	     pages     = "129--142",
	     month     = "January",
	     year      = 2000}

@inproceedings{ilcspie,
	     author    = "Kevin L. Moore and Vikas Bahl",
	     title     = "An Iterative Learning Control Technique for Mobile Robot Path-Tracking Control",
	     booktitle = "SPIE Conference on Mobile Robots XIV",
	     volume    = 3838,
	     pages     = "240--251",
	     month     = "September",
	     year      = 1999}

@inproceedings{odis_icra01,
        author    = "Morgan. Davidson and Vikas. Bahl",
        title     = "The Scalar $\epsilon$-Controller: A Spatial Path Tracking Approach for {ODV}, {A}ckerman, and {D}ifferentially-Steered Autonomous Wheeled Mobile Robots",
        booktitle = "Proceedings of IEEE Int. Conference on Robotics and Automation",
        pages     = "175--180",
        month     = "May",
        year      = 2001}

@inproceedings{moorebook,
        author    = "Kevin L. Moore",
        title     = "Iterative Learning Control - An Expository Overview",
     	booktitle = "Applied and Computational Controls, Signal Processing, and Circuits",
        volume    = 1,
        pages     = "153--214",
        month     = "March",
        year      = 1999}
        
@inproceedings{intellcntrl99,
	     author    = "K.L. Moore and N. Flann",
	     title     = "Hierarchical Task Decomposition Approach to Path Planning and Control for an Omni-Directional Autonomous Mobile Robot",
	     booktitle = "Proceedings of the 1999 IEEE International Symposium on Intelligent Control/Intelligent Systems and Semiotics",
	     pages     = "302--307",
	     month     = "September",
	     year      = 1999}
	     
@inproceedings{astar,
	     author    = "Thomas.G. Goodsell and Nicholas.S. Flann and Morgan.E. Davidson",
	     title     = "Mobility Planning for Omni - Directional Vehicles in Natural Terrains",
	     booktitle = "SPIE Conference on Unmanned Ground Vehicle Technology",
	     volume    = 3693,
	     pages     = "2--10",
	     month     = "April",
	     year      = 1999}
	     
@inproceedings{ilcmulti,
	     author    = "Kevin L. Moore and Vikas Bahl",
	     title     = "Iterative Learning Control for Multivariable Systems with an Application to Mobile Robot Path Tracking",
	     booktitle = "2000 International Conference on Automation, Robotics, and Control",
	     pages     = "2376--2381",
	     month     = "December",
	     year      = 2000}
	     
@inproceedings{pidopti_icra02,
	     author    = "Morgan Davidson and Vikas Bahl and Y. Chen and Kevin L. Moore",
	     title     = "Enhancement Of A Spatial Path Tracking Controller For Autonomous Vehicles Via Optimizing Nonconventional PI Control Laws",
	     booktitle = "Submitted to the Proceedings of IEEE Int. Conference on Robotics and Automation",
	     month     = "May",
	     year      = 2002}